Store ID,Employee Number,Area,Date,Sales,Marketing Spend,Electronics Sales,Home Sales,Clothes Sales
1,54,Asia,2018-01-31,86586.23,16022.68,23312.79,10991.36,28089.66
1,57,Asia,2018-02-28,131181.61,6562.93,38738.19,17000.27,52073.81
1,50,Asia,2018-03-31,185833.69,1106.61,53601.54,26926.41,58401.37
1,56,Asia,2018-04-30,150538.66,16586.79,42062.01,25817.93,50028.65
1,50,Asia,2018-05-31,183421.04,2708.69,42276.04,26700.62,63996.07
1,56,Asia,2018-06-30,292656.36,10459.98,69192.41,45898.82,95964.42
1,52,Asia,2018-07-31,214964.98,26320.18,48065.41,24049.25,94098.8
1,56,Asia,2018-08-31,189526.91,26479.09,47851.76,27550.8,74569.68
1,55,Asia,2018-09-30,222308.26,4848.86,64556.77,38468.88,71728.8
1,58,Asia,2018-10-31,213762.78,13452.72,43525.38,21181.46,78333.69
1,60,Asia,2018-11-30,275043.91,16276.21,71283.31,34054.61,96219.95
1,50,Asia,2018-12-31,427140.33,15079.11,84846.92,75713.44,131085.4
1,52,Asia,2019-01-31,129972.86,27445.93,36089.77,25751.65,47449.49
1,50,Asia,2019-02-28,153328.85,5727.33,38623.99,18634.73,55300.19
1,51,Asia,2019-03-31,233607.31,29701.62,56331.02,28059.85,80860.23
1,51,Asia,2019-04-30,155014.43,12593.43,44457.24,31427.36,56063.4
1,56,Asia,2019-05-31,221799.55,26700.16,46519.74,33815.56,71003.54
1,50,Asia,2019-06-30,324111.57,25812.14,61107.56,59335.38,114788.54
1,53,Asia,2019-07-31,211142.68,2560.42,47174.29,39253.73,69108.02
1,59,Asia,2019-08-31,194504.39,13005.62,43143.42,20725.2,75671.76
1,55,Asia,2019-09-30,251584.32,7507.29,74507.98,43755.25,83415.03
1,52,Asia,2019-10-31,227442.41,7431.93,57029.71,20952.38,75911.2
1,54,Asia,2019-11-30,322054.96,2935.02,78042.38,38659.0,113576.87
1,59,Asia,2019-12-31,396164.54,18775.8,101378.09,66398.8,158912.89
1,51,Asia,2020-01-31,126547.37,24028.48,34653.62,14640.59,51320.61
1,51,Asia,2020-02-29,159984.62,8218.83,33636.21,25296.16,55318.64
1,59,Asia,2020-03-31,220040.93,14881.12,62129.05,38018.97,81600.88
1,50,Asia,2020-04-30,202170.18,24205.04,56115.39,24472.46,66518.64
1,52,Asia,2020-05-31,231359.93,22197.26,51834.8,42433.26,87512.68
1,58,Asia,2020-06-30,249679.01,27161.46,58758.92,49972.75,97621.32
1,53,Asia,2020-07-31,203758.15,20175.55,65204.94,39737.96,69731.69
1,60,Asia,2020-08-31,241087.22,16377.47,52246.54,25357.77,83142.14
1,59,Asia,2020-09-30,262549.98,24655.8,57275.57,42618.05,91346.03
1,53,Asia,2020-10-31,296584.76,17756.66,71299.46,31647.96,121128.74
1,59,Asia,2020-11-30,351875.58,340.61,101158.93,64434.79,127452.81
1,50,Asia,2020-12-31,448053.44,2486.74,108991.69,79925.87,145518.4
1,52,Asia,2021-01-31,155634.17,2213.9,39573.85,16049.51,54163.76
1,60,Asia,2021-02-28,187159.84,22113.02,42311.86,37380.93,69568.33
1,51,Asia,2021-03-31,259509.57,10600.57,58253.34,32000.2,80872.47
1,52,Asia,2021-04-30,206921.16,8128.73,59729.06,39685.79,83765.09
1,50,Asia,2021-05-31,190887.08,791.01,51713.76,29668.88,74445.82
1,58,Asia,2021-06-30,344685.1,1905.35,89306.78,46639.24,115877.63
1,54,Asia,2021-07-31,241488.3,23069.62,62652.66,31619.4,74742.13
1,51,Asia,2021-08-31,273670.82,22709.97,64798.15,32134.59,100885.45
1,60,Asia,2021-09-30,348760.6,16828.14,88101.34,40501.63,109943.48
1,55,Asia,2021-10-31,235000.86,436.34,56276.77,40202.78,84331.19
1,59,Asia,2021-11-30,442876.71,8938.78,137582.9,86203.59,132637.54
1,60,Asia,2021-12-31,580609.68,14778.54,148582.32,79212.99,201281.74
1,58,Asia,2022-01-31,122083.77,20895.04,33047.39,16887.25,40663.41
1,54,Asia,2022-02-28,192540.88,5310.31,52942.29,27350.28,62420.88
1,55,Asia,2022-03-31,237126.27,14434.36,45030.59,42444.92,98667.94
1,57,Asia,2022-04-30,186776.55,6280.48,46057.34,31721.17,57092.72
1,60,Asia,2022-05-31,272239.41,26856.21,69383.8,28589.12,89520.75
1,56,Asia,2022-06-30,291226.93,9662.37,58931.89,44480.33,91431.3
1,55,Asia,2022-07-31,251677.58,17525.98,60255.71,42029.11,84002.14
1,55,Asia,2022-08-31,262433.62,10682.9,63636.49,30819.29,75877.01
1,56,Asia,2022-09-30,335147.29,5201.21,99011.87,38750.46,109179.45
1,55,Asia,2022-10-31,344252.68,159.0,84403.9,40765.72,128102.88
1,55,Asia,2022-11-30,451888.93,5611.31,123236.05,56450.95,177879.08
1,60,Asia,2022-12-31,523358.04,27960.43,137072.56,72360.93,169997.54
2,88,North America,2018-01-31,89170.06,21667.58,17942.83,14253.32,31793.66
2,97,North America,2018-02-28,164328.83,17970.88,47883.09,21125.82,54253.95
2,87,North America,2018-03-31,173981.45,3023.84,35568.75,33852.52,74192.33
2,95,North America,2018-04-30,132381.15,17288.65,34822.3,22761.24,48054.81
2,87,North America,2018-05-31,205346.96,3739.88,57742.05,28411.58,71315.05
2,97,North America,2018-06-30,208815.84,10004.98,66144.2,31139.1,65894.35
2,92,North America,2018-07-31,165244.64,17328.96,32113.76,20458.21,58880.87
2,94,North America,2018-08-31,220438.02,13769.67,57915.35,33127.92,72992.52
2,102,North America,2018-09-30,233673.36,1096.49,59373.59,25024.25,87178.79
2,87,North America,2018-10-31,220129.07,4657.21,49046.01,25556.79,83059.04
2,93,North America,2018-11-30,354989.33,25193.67,89312.25,37714.28,103389.8
2,87,North America,2018-12-31,427920.51,5356.34,120101.47,75156.95,172830.56
2,100,North America,2019-01-31,129554.03,4232.46,27245.85,23132.47,35338.32
2,88,North America,2019-02-28,171772.26,12642.74,53247.29,27144.52,51963.09
2,95,North America,2019-03-31,209503.83,23215.04,53728.55,25167.56,88817.66
2,103,North America,2019-04-30,195382.28,23995.66,50478.89,28974.8,68983.09
2,99,North America,2019-05-31,192121.85,3968.29,52010.98,34375.26,73412.15
2,98,North America,2019-06-30,274599.16,14923.95,65435.42,29837.84,87816.83
2,99,North America,2019-07-31,214535.45,5261.14,59938.05,29248.42,88319.95
2,97,North America,2019-08-31,169491.49,23129.58,37217.42,23282.66,62732.73
2,87,North America,2019-09-30,342630.14,21977.16,83086.43,56414.92,118204.2
2,95,North America,2019-10-31,246593.26,14227.12,53099.67,42060.49,81824.61
2,92,North America,2019-11-30,364390.63,20840.89,102263.26,45990.39,122798.59
2,105,North America,2019-12-31,364553.01,16257.03,103434.39,70458.25,126704.09
2,99,North America,2020-01-31,106618.05,29630.04,31309.07,11256.95,38052.39
2,105,North America,2020-02-29,153737.89,21930.71,44727.19,32496.8,64816.9
2,89,North America,2020-03-31,275347.77,1110.23,70934.46,40299.76,104929.07
2,99,North America,2020-04-30,206092.31,16152.04,51227.28,35171.38,80036.13
2,89,North America,2020-05-31,248182.58,15868.11,47146.85,22736.69,75455.94
2,93,North America,2020-06-30,282067.8,11948.62,70686.96,46878.05,90692.57
2,100,North America,2020-07-31,226547.0,8317.97,42851.09,27429.03,81415.64
2,100,North America,2020-08-31,228008.49,29469.92,62186.59,39630.03,89166.41
2,100,North America,2020-09-30,282538.76,24919.28,59072.62,35100.24,88263.76
2,89,North America,2020-10-31,302848.47,26513.58,78897.92,46103.94,108536.88
2,101,North America,2020-11-30,347747.25,18688.12,70159.44,64461.09,128139.5
2,96,North America,2020-12-31,369691.45,25565.81,95285.85,60072.48,127929.67
2,92,North America,2021-01-31,141617.85,14876.27,46072.3,14334.17,59376.46
2,94,North America,2021-02-28,228161.33,17139.57,65728.98,37849.0,76903.18
2,97,North America,2021-03-31,302021.66,21250.89,70304.17,54669.67,100962.66
2,96,North America,2021-04-30,196004.87,26372.14,38895.8,27833.15,78248.62
2,100,North America,2021-05-31,187262.68,8611.14,42491.06,26342.06,62067.0
2,95,North America,2021-06-30,306348.51,552.83,98613.93,37840.04,121016.21
2,103,North America,2021-07-31,195410.6,9028.91,49360.43,30547.35,72661.51
2,89,North America,2021-08-31,254447.97,13378.75,70258.74,34303.29,82977.56
2,88,North America,2021-09-30,273474.03,4768.15,76449.45,41302.0,98042.67
2,97,North America,2021-10-31,229061.92,20414.98,51367.03,48651.62,71019.94
2,89,North America,2021-11-30,364833.95,8226.46,88495.03,45297.53,145883.65
2,94,North America,2021-12-31,499309.18,14145.97,100345.08,59545.29,155281.69
2,89,North America,2022-01-31,156620.68,8825.04,34901.94,23390.92,44632.1
2,88,North America,2022-02-28,188058.14,4824.76,47471.61,22535.23,63581.11
2,99,North America,2022-03-31,294669.0,8749.88,84886.27,60405.78,106996.79
2,87,North America,2022-04-30,219812.33,551.03,56463.54,20366.47,70935.3
2,88,North America,2022-05-31,208550.71,11907.7,66087.26,22745.88,79646.5
2,95,North America,2022-06-30,306241.71,26886.64,93678.78,34605.96,113092.77
2,93,North America,2022-07-31,237454.19,24444.75,66768.93,36735.83,77577.49
2,98,North America,2022-08-31,248941.15,21744.8,52798.24,31613.09,93240.48
2,105,North America,2022-09-30,409155.78,19761.23,85479.86,42123.98,149274.38
2,101,North America,2022-10-31,283584.84,6616.83,66933.34,43491.16,108063.69
2,104,North America,2022-11-30,386874.49,29629.49,115915.16,60912.08,142966.65
2,105,North America,2022-12-31,505736.05,8304.83,114713.02,73356.28,162090.39
3,18,Asia,2018-01-31,113524.61,28338.43,22903.77,14124.13,43489.88
3,19,Asia,2018-02-28,173308.83,23055.58,47907.42,30211.45,62364.69
3,18,Asia,2018-03-31,171336.23,19735.36,49036.05,23724.2,60820.3
3,18,Asia,2018-04-30,129710.24,19515.35,31767.36,22918.76,48755.33
3,17,Asia,2018-05-31,153361.79,16334.67,36161.53,24403.24,55898.03
3,18,Asia,2018-06-30,265175.72,13332.58,56289.94,42209.12,94933.4
3,17,Asia,2018-07-31,185152.51,14375.46,52375.0,19489.17,58032.62
3,19,Asia,2018-08-31,188869.1,22406.27,51396.49,31468.13,70690.63
3,17,Asia,2018-09-30,253874.61,5914.62,56797.56,26759.19,85086.56
3,18,Asia,2018-10-31,218367.87,9339.23,54826.66,26017.85,77241.08
3,17,Asia,2018-11-30,300915.3,21271.39,77000.12,40125.93,120448.44
3,19,Asia,2018-12-31,402433.3,28542.1,112398.16,62763.57,135209.37
3,17,Asia,2019-01-31,127859.21,23098.34,30445.83,22418.43,43274.52
3,18,Asia,2019-02-28,174486.65,13553.03,37363.02,21705.63,63171.57
3,19,Asia,2019-03-31,199235.32,6185.58,44439.52,30415.24,66407.41
3,19,Asia,2019-04-30,162291.52,12845.99,47035.03,16826.24,52457.85
3,17,Asia,2019-05-31,219961.4,7946.86,60180.76,25456.18,66806.21
3,19,Asia,2019-06-30,236052.43,24010.7,64567.04,28390.41,84077.44
3,18,Asia,2019-07-31,165213.28,11354.29,38540.48,28948.89,62489.59
3,18,Asia,2019-08-31,218114.56,6028.01,44337.41,32678.09,86768.48
3,18,Asia,2019-09-30,260708.24,11979.48,83353.36,50449.08,94570.73
3,18,Asia,2019-10-31,258995.42,3831.4,52875.48,26662.17,78822.47
3,19,Asia,2019-11-30,291450.37,15291.73,70079.19,45716.66,104875.73
3,19,Asia,2019-12-31,475712.73,6255.32,118012.26,73722.87,180229.08
3,19,Asia,2020-01-31,106175.16,24562.05,24728.37,13645.13,40337.3
3,19,Asia,2020-02-29,154608.04,25860.43,35951.36,24846.71,57027.29
3,18,Asia,2020-03-31,230440.02,2045.17,60946.95,26255.86,72313.18
3,19,Asia,2020-04-30,211393.73,8332.58,57502.42,23917.25,69803.08
3,19,Asia,2020-05-31,212362.77,1744.91,57675.17,32126.79,64066.36
3,17,Asia,2020-06-30,281285.6,5332.99,72213.02,53987.89,109939.84
3,19,Asia,2020-07-31,212282.3,3921.31,51111.46,27020.97,74831.86
3,19,Asia,2020-08-31,177138.34,12484.62,44393.02,29745.56,64963.12
3,17,Asia,2020-09-30,359011.76,18878.96,92728.05,71025.91,124075.5
3,18,Asia,2020-10-31,214004.42,14647.23,48514.2,36395.53,73784.98
3,17,Asia,2020-11-30,408265.96,28660.04,99349.75,75819.11,168886.99
3,19,Asia,2020-12-31,502928.32,24753.97,136794.08,87050.29,183571.78
3,17,Asia,2021-01-31,142346.56,15366.66,30077.35,15668.73,49117.14
3,19,Asia,2021-02-28,196923.47,11627.86,46683.75,24905.39,69486.98
3,18,Asia,2021-03-31,280218.55,22931.18,54313.81,31957.27,113958.99
3,18,Asia,2021-04-30,175352.14,3641.59,39469.69,20233.87,66967.47
3,17,Asia,2021-05-31,230938.04,3418.7,61504.37,37366.93,85180.85
3,19,Asia,2021-06-30,298469.26,11165.01,72668.95,44997.52,97749.71
3,18,Asia,2021-07-31,190201.56,29772.46,58047.27,33649.24,76893.14
3,19,Asia,2021-08-31,270226.7,21854.72,61909.33,27164.26,90426.65
3,19,Asia,2021-09-30,288085.64,20558.94,82728.38,42135.99,95453.36
3,19,Asia,2021-10-31,287313.46,3177.92,81289.89,50163.89,103672.29
3,17,Asia,2021-11-30,341869.63,21793.85,80328.54,39274.17,139068.11
3,17,Asia,2021-12-31,509484.93,20636.52,138137.09,82820.38,176879.57
3,19,Asia,2022-01-31,154485.88,20351.36,40609.09,22193.63,55652.99
3,18,Asia,2022-02-28,187354.17,4134.69,46282.6,30849.97,59577.24
3,18,Asia,2022-03-31,293329.59,14429.19,83127.97,29490.9,94358.06
3,19,Asia,2022-04-30,222483.45,687.98,53739.38,25328.14,70874.14
3,18,Asia,2022-05-31,252566.0,13205.97,55516.5,36929.96,81684.25
3,17,Asia,2022-06-30,422857.17,19276.96,115677.8,69480.84,141039.68
3,17,Asia,2022-07-31,299456.74,6088.09,90758.86,35499.07,115187.18
3,19,Asia,2022-08-31,284055.24,1684.08,64682.89,56415.76,108219.51
3,19,Asia,2022-09-30,312910.4,2418.05,81907.57,54456.58,111786.32
3,17,Asia,2022-10-31,283062.65,27678.69,80044.94,28816.14,82154.82
3,18,Asia,2022-11-30,367050.95,8158.49,83025.63,72494.93,109077.23
3,18,Asia,2022-12-31,535029.51,10377.61,116663.7,74448.26,227990.28
4,72,South America,2018-01-31,111714.18,17327.8,25832.22,18351.01,35702.07
4,79,South America,2018-02-28,175265.95,15605.72,50625.27,33982.77,55537.76
4,75,South America,2018-03-31,174111.2,6060.47,49786.21,29467.28,50309.63
4,68,South America,2018-04-30,172421.62,15156.2,42810.25,31924.79,68073.71
4,76,South America,2018-05-31,156401.55,378.23,30835.05,15709.89,65453.42
4,73,South America,2018-06-30,239217.69,27546.24,69004.39,31185.43,80674.89
4,77,South America,2018-07-31,207876.32,10056.24,48698.7,22765.83,69377.96
4,74,South America,2018-08-31,162335.88,18413.32,42302.74,24057.54,64033.51
4,75,South America,2018-09-30,285458.94,9753.12,58977.2,52725.96,82681.76
4,82,South America,2018-10-31,201272.69,25991.6,44580.25,25154.88,66401.51
4,80,South America,2018-11-30,329622.72,23653.42,86000.94,50811.82,124887.7
4,81,South America,2018-12-31,340318.63,11448.36,79754.61,61112.22,110943.04
4,70,South America,2019-01-31,100321.64,25750.25,31848.15,20084.35,38012.81
4,70,South America,2019-02-28,174777.83,15980.28,50618.06,17876.33,61390.66
4,78,South America,2019-03-31,220543.27,9037.96,46650.01,24690.57,88475.02
4,75,South America,2019-04-30,157302.54,10212.18,36401.07,15392.9,51802.26
4,72,South America,2019-05-31,226551.89,15643.37,53450.88,27783.98,71642.81
4,75,South America,2019-06-30,235718.42,28674.73,58564.62,35564.73,79780.35
4,70,South America,2019-07-31,196692.09,18212.69,49793.14,32592.61,67782.31
4,75,South America,2019-08-31,240879.63,7880.27,64324.56,38395.49,80310.05
4,75,South America,2019-09-30,288457.56,1369.46,64232.4,43431.72,98928.99
4,80,South America,2019-10-31,232583.11,17726.02,42322.78,21599.25,72457.2
4,78,South America,2019-11-30,334795.0,15380.03,65495.95,45503.47,128588.17
4,78,South America,2019-12-31,429559.06,890.05,81956.94,60939.26,176551.8
4,80,South America,2020-01-31,128205.26,7745.2,31509.34,21051.07,52089.23
4,82,South America,2020-02-29,163676.52,1785.74,49824.72,21238.3,55100.28
4,79,South America,2020-03-31,248159.48,27009.64,53362.04,34821.3,95116.33
4,73,South America,2020-04-30,147744.64,19082.88,32120.87,17876.44,47143.45
4,76,South America,2020-05-31,258245.73,24600.38,63513.74,30392.04,83236.68
4,76,South America,2020-06-30,290943.28,21875.2,58993.07,36955.31,113020.07
4,70,South America,2020-07-31,226649.99,6788.37,51076.97,38583.52,76894.89
4,75,South America,2020-08-31,178581.94,11789.23,39374.05,22463.79,59374.66
4,79,South America,2020-09-30,256556.72,19374.67,52471.87,32720.06,104033.02
4,73,South America,2020-10-31,289855.78,17406.65,70925.66,44311.55,91130.06
4,73,South America,2020-11-30,336570.51,1169.88,94789.67,44236.43,114002.63
4,79,South America,2020-12-31,512749.34,11111.91,126401.16,106200.95,176922.64
4,73,South America,2021-01-31,124253.06,11565.36,31841.16,15091.78,47102.48
4,70,South America,2021-02-28,180733.16,7780.05,37263.51,29046.44,67058.45
4,80,South America,2021-03-31,272074.36,29991.41,78510.5,43590.33,94838.02
4,72,South America,2021-04-30,208342.51,6039.36,48393.91,35758.81,78751.76
4,73,South America,2021-05-31,219656.34,13753.99,49555.01,37565.88,73815.27
4,79,South America,2021-06-30,288296.79,13880.27,69810.67,51423.7,97320.95
4,76,South America,2021-07-31,225528.08,15338.26,52806.73,38479.61,89624.64
4,82,South America,2021-08-31,266859.87,14294.5,60193.82,53364.41,83745.83
4,81,South America,2021-09-30,334603.6,15312.97,80686.3,52573.64,135265.85
4,79,South America,2021-10-31,289579.85,19334.11,88640.8,33392.92,102232.58
4,74,South America,2021-11-30,430398.75,8838.58,80397.07,52040.58,170028.53
4,70,South America,2021-12-31,547322.52,26532.73,130965.12,58480.04,187339.31
4,79,South America,2022-01-31,131533.95,3329.94,31191.46,23979.06,40977.55
4,73,South America,2022-02-28,240155.29,7266.94,47221.39,24387.22,78142.46
4,78,South America,2022-03-31,331979.18,12153.08,67784.66,49609.81,115657.58
4,82,South America,2022-04-30,206578.38,22788.34,60698.22,31825.38,65153.39
4,71,South America,2022-05-31,224940.48,21418.58,47870.26,31435.43,83690.02
4,75,South America,2022-06-30,311201.65,26459.77,78846.81,29530.77,116918.12
4,74,South America,2022-07-31,231031.21,21209.29,64938.85,31063.06,83823.56
4,69,South America,2022-08-31,217430.35,16949.53,49633.41,42085.92,82544.81
4,77,South America,2022-09-30,306429.13,20610.58,81351.59,54877.08,112008.72
4,78,South America,2022-10-31,257571.25,8353.18,70004.7,46324.29,87397.39
4,79,South America,2022-11-30,385081.57,28703.99,113324.39,59914.86,107887.24
4,71,South America,2022-12-31,456514.47,16562.08,129401.16,59536.04,157471.29
5,69,South America,2018-01-31,106038.29,19337.74,29446.07,12777.41,39505.91
5,66,South America,2018-02-28,158493.94,26882.25,46825.28,25695.25,48761.85
5,61,South America,2018-03-31,183805.6,10355.77,39186.4,32910.95,67518.34
5,65,South America,2018-04-30,153584.72,6907.53,31087.09,30074.51,56157.63
5,59,South America,2018-05-31,164536.91,24208.96,42415.43,20834.08,56694.25
5,68,South America,2018-06-30,278578.02,4109.97,84979.17,48512.08,98468.48
5,66,South America,2018-07-31,199311.63,29434.31,41364.36,27415.28,70509.72
5,70,South America,2018-08-31,209610.76,21963.68,67593.43,43200.95,68818.93
5,58,South America,2018-09-30,289955.33,7420.21,75035.29,55320.53,117194.1
5,69,South America,2018-10-31,239460.19,11309.57,51464.52,41860.73,80687.49
5,60,South America,2018-11-30,289420.32,875.09,77976.25,31792.93,123185.66
5,60,South America,2018-12-31,384027.41,14446.48,100162.94,68407.71,146178.29
5,68,South America,2019-01-31,99044.06,16922.22,25730.78,20031.97,34997.12
5,58,South America,2019-02-28,182992.85,6860.83,43391.11,34718.21,59305.53
5,60,South America,2019-03-31,224825.06,22763.29,51532.19,31515.31,92384.66
5,70,South America,2019-04-30,194999.9,16335.17,54114.74,21774.59,59393.5
5,60,South America,2019-05-31,233302.24,15207.61,51094.67,44953.1,69006.1
5,62,South America,2019-06-30,287204.45,13898.81,60674.68,43107.13,78516.55
5,67,South America,2019-07-31,203062.07,1639.03,44126.31,26310.92,55645.64
5,61,South America,2019-08-31,187309.35,21951.74,49334.05,33412.99,66835.24
5,68,South America,2019-09-30,254521.63,11128.23,80352.72,36083.33,76224.08
5,68,South America,2019-10-31,226960.15,22614.89,52820.51,34318.48,72137.85
5,62,South America,2019-11-30,342619.43,3898.24,70152.97,56358.55,128096.06
5,58,South America,2019-12-31,452840.16,13851.48,93107.54,46169.61,158738.08
5,62,South America,2020-01-31,106242.88,19954.39,30725.44,19689.84,39567.69
5,61,South America,2020-02-29,156820.06,23586.17,33737.71,16732.07,65865.37
5,60,South America,2020-03-31,217537.41,21146.13,58040.9,32100.47,76751.01
5,60,South America,2020-04-30,217671.23,21432.32,48590.34,23697.04,80603.41
5,64,South America,2020-05-31,230743.36,23900.44,58511.43,45798.83,84365.05
5,62,South America,2020-06-30,271541.88,593.87,60559.67,38448.29,96455.63
5,66,South America,2020-07-31,243578.99,8572.75,63762.36,35340.82,76562.48
5,60,South America,2020-08-31,231860.19,5969.76,62322.3,40399.49,100194.83
5,59,South America,2020-09-30,310348.09,29313.13,96580.71,35964.68,103997.67
5,67,South America,2020-10-31,244556.46,7928.29,62160.37,44172.04,82468.17
5,61,South America,2020-11-30,306629.61,27765.67,72183.75,34480.58,105223.58
5,67,South America,2020-12-31,536173.61,7526.79,132076.21,85160.14,173004.35
5,62,South America,2021-01-31,110087.43,13472.54,30489.84,19451.95,44466.5
5,61,South America,2021-02-28,189039.91,461.85,52404.14,30465.74,76221.57
5,67,South America,2021-03-31,233278.35,19949.84,49177.11,36215.08,71192.26
5,67,South America,2021-04-30,193535.06,21703.43,59967.61,24744.47,64581.07
5,61,South America,2021-05-31,263047.83,1500.56,50543.01,31180.33,77156.22
5,68,South America,2021-06-30,366641.74,18201.95,102461.14,49136.18,122044.13
5,63,South America,2021-07-31,263349.72,11923.44,65999.34,44588.23,100541.41
5,69,South America,2021-08-31,241353.06,8065.61,74404.57,44091.47,78725.94
5,59,South America,2021-09-30,387264.56,14982.95,109262.52,71871.65,117327.23
5,70,South America,2021-10-31,253115.07,15078.94,59770.06,27136.7,73312.37
5,70,South America,2021-11-30,444939.42,3356.42,99156.95,56068.38,169072.26
5,69,South America,2021-12-31,446010.02,9294.21,114259.83,63415.98,155990.19
5,62,South America,2022-01-31,124099.37,24279.73,31422.18,18073.39,40046.67
5,63,South America,2022-02-28,215759.87,15093.97,52717.04,38422.33,82376.39
5,64,South America,2022-03-31,260206.86,13775.68,52368.26,41127.03,75666.21
5,63,South America,2022-04-30,233620.29,15448.0,62131.3,33826.22,73724.55
5,67,South America,2022-05-31,259075.1,3552.45,66088.01,30548.85,74774.94
5,58,South America,2022-06-30,377183.32,16706.35,95319.68,54304.12,139426.31
5,70,South America,2022-07-31,291358.49,18942.57,77611.49,47765.94,114876.55
5,67,South America,2022-08-31,282240.1,20366.93,74924.62,36604.95,84744.95
5,69,South America,2022-09-30,385502.55,20658.95,116697.88,66276.23,153197.09
5,64,South America,2022-10-31,251031.6,8565.26,66243.41,29507.97,88559.95
5,59,South America,2022-11-30,457443.89,27053.22,95342.16,93917.58,141605.76
5,70,South America,2022-12-31,433142.35,11264.07,117637.4,52771.6,156082.4
6,26,South America,2018-01-31,112950.7,1894.21,31794.94,20082.92,42479.08
6,26,South America,2018-02-28,132357.21,2651.55,36107.69,14510.33,41860.52
6,23,South America,2018-03-31,229711.92,18901.2,64128.19,34376.36,72597.24
6,22,South America,2018-04-30,128801.14,22440.14,36499.69,13269.76,41841.57
6,24,South America,2018-05-31,206730.35,29928.85,58056.2,29070.23,73385.7
6,26,South America,2018-06-30,209760.27,2406.67,47977.57,22393.93,71679.98
6,26,South America,2018-07-31,192535.18,16901.86,60562.65,32122.94,68150.17
6,24,South America,2018-08-31,177002.16,6866.26,51975.05,25060.54,59309.44
6,23,South America,2018-09-30,266042.42,25831.36,71579.68,43866.43,84116.26
6,26,South America,2018-10-31,252985.51,5020.71,47501.35,42052.28,105525.49
6,23,South America,2018-11-30,287647.77,6125.0,69357.61,55801.65,93176.9
6,24,South America,2018-12-31,433764.69,24084.33,116406.47,90394.39,173171.96
6,24,South America,2019-01-31,120584.85,2847.25,22687.99,12707.13,44425.57
6,26,South America,2019-02-28,176826.52,6336.95,55785.27,32057.58,55212.88
6,22,South America,2019-03-31,197982.95,20736.35,47195.22,33407.84,66394.21
6,24,South America,2019-04-30,192546.95,28138.96,45874.18,34281.92,59926.9
6,25,South America,2019-05-31,164602.48,13153.7,48347.79,27674.77,69206.67
6,25,South America,2019-06-30,262512.94,6975.18,71271.08,39256.95,82230.35
6,23,South America,2019-07-31,223532.67,2294.4,58892.96,37985.7,85393.62
6,25,South America,2019-08-31,187439.52,94.23,44826.86,21594.03,59100.62
6,23,South America,2019-09-30,286817.0,21750.18,73652.47,51356.38,118309.61
6,24,South America,2019-10-31,271614.82,11144.02,69338.39,41445.42,102443.51
6,25,South America,2019-11-30,364429.95,3696.98,94917.54,58676.43,142536.59
6,25,South America,2019-12-31,419234.99,26088.18,119029.12,75041.8,167988.9
6,23,South America,2020-01-31,137004.52,14722.95,40242.51,21407.31,51800.6
6,25,South America,2020-02-29,213069.88,26819.56,50937.7,40672.38,76358.65
6,25,South America,2020-03-31,279742.99,7490.07,57392.12,54949.96,98711.99
6,23,South America,2020-04-30,172814.62,2813.3,39510.16,36531.97,72066.34
6,26,South America,2020-05-31,173222.24,23175.49,38043.95,28336.74,62616.83
6,26,South America,2020-06-30,351087.84,5121.25,91700.51,37952.76,127216.79
6,22,South America,2020-07-31,185797.57,18789.67,56145.84,37647.1,70027.18
6,22,South America,2020-08-31,217185.54,23201.43,55286.54,29499.95,67436.29
6,23,South America,2020-09-30,269228.26,23183.14,70458.56,38497.58,95610.58
6,24,South America,2020-10-31,257523.04,23257.32,59715.17,30233.01,88164.84
6,25,South America,2020-11-30,374569.3,5769.3,111782.23,69688.58,139159.13
6,22,South America,2020-12-31,363526.45,21481.5,81529.71,48455.39,132784.98
6,22,South America,2021-01-31,108627.47,29750.88,34621.02,11751.51,33647.96
6,26,South America,2021-02-28,203724.21,4514.17,49556.0,31580.13,69464.99
6,26,South America,2021-03-31,271537.86,27130.79,56992.8,56568.13,97606.61
6,25,South America,2021-04-30,227062.53,10703.06,63039.45,27987.23,78523.86
6,26,South America,2021-05-31,226796.04,24928.48,61937.96,33343.08,76002.25
6,26,South America,2021-06-30,290391.08,3497.49,61759.42,30847.35,86078.98
6,23,South America,2021-07-31,238437.02,20990.7,58049.1,48914.01,67604.92
6,26,South America,2021-08-31,224543.23,2765.04,51986.13,43562.19,91131.64
6,26,South America,2021-09-30,392658.21,23684.77,79941.13,59049.93,141213.98
6,22,South America,2021-10-31,232727.14,817.5,54375.24,28987.68,81738.6
6,26,South America,2021-11-30,429215.93,14320.51,121294.44,46296.13,139752.96
6,26,South America,2021-12-31,567528.54,16970.65,139664.31,94077.33,193869.33
6,23,South America,2022-01-31,116287.82,12622.84,22035.77,17696.17,43362.11
6,25,South America,2022-02-28,229396.65,2053.51,50119.36,33865.6,87721.35
6,26,South America,2022-03-31,272363.55,25009.32,65664.82,54315.67,108600.92
6,25,South America,2022-04-30,194777.51,6508.69,46368.69,18923.43,76382.6
6,24,South America,2022-05-31,210271.48,9530.84,43291.3,27414.3,78728.34
6,23,South America,2022-06-30,329521.69,2741.22,66567.7,63306.37,115518.75
6,25,South America,2022-07-31,298732.24,7114.33,75962.22,57026.21,97396.71
6,24,South America,2022-08-31,262664.72,9756.34,69871.18,46340.67,92333.12
6,24,South America,2022-09-30,419054.78,24612.8,117704.35,64430.76,143503.93
6,22,South America,2022-10-31,313821.71,20641.37,77919.27,36996.12,96148.33
6,22,South America,2022-11-30,452998.06,3915.04,122672.11,82871.38,152208.89
6,24,South America,2022-12-31,487755.99,2304.22,91510.98,84694.02,208152.47
7,89,North America,2018-01-31,83280.95,1048.18,17332.68,16594.41,26285.15
7,80,North America,2018-02-28,180799.47,29318.4,46305.36,34544.64,58416.54
7,93,North America,2018-03-31,189529.82,16926.95,47911.73,17960.26,59795.56
7,94,North America,2018-04-30,155201.43,7607.52,42253.32,32556.32,48599.12
7,85,North America,2018-05-31,152105.61,3778.66,29622.35,32198.25,51920.19
7,83,North America,2018-06-30,208896.35,40.39,48742.35,20524.11,74695.22
7,90,North America,2018-07-31,165454.39,19512.76,45136.56,29628.77,50164.46
7,86,North America,2018-08-31,172760.22,13960.11,45153.73,32945.66,68669.29
7,91,North America,2018-09-30,265877.23,19002.35,59494.23,43452.23,92882.05
7,79,North America,2018-10-31,244224.55,3824.57,74306.46,32932.63,77157.7
7,78,North America,2018-11-30,345614.81,23765.74,93237.11,58659.66,113415.89
7,84,North America,2018-12-31,355463.35,3833.24,74035.97,62147.09,114423.4
7,92,North America,2019-01-31,92154.43,24945.55,23696.53,11633.89,34443.15
7,91,North America,2019-02-28,133906.66,9681.8,29421.04,20896.84,51718.62
7,90,North America,2019-03-31,227699.3,11399.37,67784.0,25889.15,70720.04
7,93,North America,2019-04-30,200933.62,12141.75,58107.73,30566.5,75114.74
7,78,North America,2019-05-31,212787.21,9457.18,58180.9,24972.64,80005.9
7,90,North America,2019-06-30,285411.98,21907.48,76299.79,47693.54,113905.58
7,93,North America,2019-07-31,179195.67,16531.53,43117.97,23967.62,62642.65
7,88,North America,2019-08-31,200613.49,2000.82,52897.52,37895.47,57995.48
7,85,North America,2019-09-30,304924.42,26938.06,70995.02,37453.88,130517.55
7,82,North America,2019-10-31,260422.04,10119.09,55435.02,35650.7,76922.79
7,91,North America,2019-11-30,311871.16,22687.61,76129.8,41171.69,112494.69
7,78,North America,2019-12-31,469764.2,14001.84,129438.68,54056.14,166851.73
7,83,North America,2020-01-31,101527.02,26498.21,24955.85,15372.38,37138.61
7,86,North America,2020-02-29,192035.49,28636.98,38617.67,26029.09,64953.85
7,81,North America,2020-03-31,260427.14,1142.59,58619.55,29618.48,93937.62
7,88,North America,2020-04-30,206021.37,16208.37,50708.67,36506.27,65093.54
7,93,North America,2020-05-31,224093.69,2418.46,48859.9,31721.17,83063.08
7,84,North America,2020-06-30,293007.77,9209.17,75745.75,37947.03,119258.96
7,82,North America,2020-07-31,216082.88,12679.68,45927.64,41914.96,65895.16
7,88,North America,2020-08-31,177303.58,6800.72,36904.2,23254.85,65893.86
7,78,North America,2020-09-30,301873.95,6489.98,80446.89,34428.96,103953.06
7,87,North America,2020-10-31,226253.78,28061.34,68768.19,36465.49,78869.78
7,90,North America,2020-11-30,370654.37,17148.23,99981.93,72201.08,141601.66
7,80,North America,2020-12-31,474747.17,370.23,94396.84,55911.8,161159.43
7,92,North America,2021-01-31,123904.77,25174.4,31505.44,13332.95,40930.15
7,92,North America,2021-02-28,232343.6,1460.85,64862.08,41927.58,87602.26
7,89,North America,2021-03-31,258517.32,13546.97,79928.12,43340.58,88554.89
7,90,North America,2021-04-30,216938.5,1409.19,42369.65,25415.69,76977.82
7,78,North America,2021-05-31,225276.68,19589.19,49818.1,45243.92,74863.07
7,92,North America,2021-06-30,334129.81,5085.12,71289.8,56037.79,102684.13
7,84,North America,2021-07-31,250184.78,25312.65,52971.13,45948.21,94105.03
7,89,North America,2021-08-31,207366.47,23974.74,60396.19,31237.58,79641.13
7,80,North America,2021-09-30,367913.58,4199.62,91734.37,56217.87,136669.69
7,85,North America,2021-10-31,329348.98,332.36,67308.12,48551.02,114911.14
7,92,North America,2021-11-30,447166.83,10495.63,98011.91,61995.67,166598.83
7,83,North America,2021-12-31,458799.74,23406.38,100419.75,80259.41,144991.25
7,94,North America,2022-01-31,129769.11,27358.79,34369.29,16600.94,40853.47
7,80,North America,2022-02-28,195929.27,3140.28,43673.93,29125.33,59447.84
7,90,North America,2022-03-31,328278.46,5888.83,78877.49,37757.91,125054.52
7,87,North America,2022-04-30,196286.42,7672.31,40638.65,23940.53,63477.37
7,93,North America,2022-05-31,243458.81,18462.62,55287.25,42612.32,82932.46
7,85,North America,2022-06-30,375531.02,11623.54,90605.79,62868.06,159093.57
7,79,North America,2022-07-31,260305.95,19890.82,69029.1,24576.53,99941.73
7,88,North America,2022-08-31,209997.38,4128.89,46633.63,24736.33,76811.11
7,84,North America,2022-09-30,404800.81,9377.94,115753.36,70369.71,167739.35
7,94,North America,2022-10-31,349945.4,11806.66,78390.69,71881.62,116775.65
7,82,North America,2022-11-30,360040.47,9397.99,75524.98,53465.13,127337.11
7,91,North America,2022-12-31,574558.75,26909.86,121383.11,102563.88,193473.41
8,81,South America,2018-01-31,80428.61,16327.72,16537.43,10098.93,28371.7
8,87,South America,2018-02-28,131381.58,5023.79,35100.2,21689.47,43780.96
8,83,South America,2018-03-31,216602.56,17860.99,58159.63,38350.35,72346.01
8,97,South America,2018-04-30,163639.11,22390.89,47502.42,21394.95,60362.81
8,84,South America,2018-05-31,160553.59,6.81,42387.12,21531.35,65984.42
8,84,South America,2018-06-30,232483.47,21166.88,59826.34,32729.83,72348.76
8,98,South America,2018-07-31,220083.28,6981.85,51110.37,22139.72,73814.77
8,99,South America,2018-08-31,185867.24,25843.37,40089.79,27507.05,57165.81
8,97,South America,2018-09-30,296800.02,26595.08,82192.18,29358.35,107881.61
8,86,South America,2018-10-31,242422.76,10119.92,73075.4,44325.25,74955.79
8,91,South America,2018-11-30,265017.68,10898.18,70940.64,43153.87,80492.58
8,95,South America,2018-12-31,351221.12,9612.04,90396.66,36038.22,138119.61
8,85,South America,2019-01-31,124135.01,16338.93,25014.05,18109.17,46241.04
8,91,South America,2019-02-28,140684.63,25092.63,28939.62,25383.99,60242.18
8,99,South America,2019-03-31,246071.96,13363.59,70846.6,30297.13,83319.51
8,99,South America,2019-04-30,142980.01,12044.93,32455.04,22052.24,47406.5
8,85,South America,2019-05-31,162085.94,5372.85,38046.32,27907.33,53161.04
8,82,South America,2019-06-30,299992.2,5760.48,78298.32,47737.79,121899.11
8,86,South America,2019-07-31,206230.04,20142.18,51641.92,23127.26,68715.03
8,92,South America,2019-08-31,181422.6,8996.93,50244.73,28949.63,60625.67
8,87,South America,2019-09-30,254351.84,3295.89,56127.29,30967.95,92933.2
8,89,South America,2019-10-31,221877.04,2612.14,42375.7,27544.27,65945.58
8,97,South America,2019-11-30,276376.04,9230.37,60862.24,41147.34,97872.68
8,90,South America,2019-12-31,347172.45,26298.41,73281.5,69992.7,111809.12
8,91,South America,2020-01-31,131420.53,17922.88,25470.0,18556.22,42189.17
8,97,South America,2020-02-29,195127.66,7852.53,51613.4,29456.16,68829.2
8,83,South America,2020-03-31,227939.97,13010.83,65869.13,41194.7,74555.2
8,96,South America,2020-04-30,179777.73,600.7,43944.61,28354.2,64292.81
8,81,South America,2020-05-31,182408.8,17893.02,54822.56,28207.52,64026.64
8,92,South America,2020-06-30,307324.96,26938.66,80524.94,49843.24,111504.67
8,93,South America,2020-07-31,176932.51,10738.84,43853.67,34024.22,64082.34
8,96,South America,2020-08-31,243968.52,29262.31,56311.46,44211.01,79049.62
8,88,South America,2020-09-30,331123.54,9774.74,87956.24,56350.03,116717.94
8,85,South America,2020-10-31,222545.4,12910.4,56577.86,32198.62,73483.65
8,83,South America,2020-11-30,361350.62,25738.05,78218.07,41990.08,134422.89
8,99,South America,2020-12-31,379999.52,23756.74,98239.44,41879.49,130245.32
8,90,South America,2021-01-31,110453.58,3642.45,29332.82,13436.15,40417.13
8,90,South America,2021-02-28,183253.74,15579.38,50371.99,23074.58,74092.4
8,87,South America,2021-03-31,295472.31,4105.35,89334.05,43765.72,104190.75
8,86,South America,2021-04-30,226750.89,1228.02,53085.49,43199.28,79307.74
8,98,South America,2021-05-31,208750.25,14504.94,41059.64,21682.38,80186.02
8,91,South America,2021-06-30,276644.49,17304.24,75428.2,40493.82,95649.91
8,85,South America,2021-07-31,212709.13,3016.88,44006.36,29790.19,73291.55
8,97,South America,2021-08-31,225043.07,2984.84,68099.6,46116.24,83244.16
8,96,South America,2021-09-30,335605.44,14460.52,77571.15,69924.76,104832.5
8,88,South America,2021-10-31,247471.86,10298.26,57203.13,40961.91,74818.7
8,92,South America,2021-11-30,316463.31,20493.43,66024.42,53858.29,122735.41
8,98,South America,2021-12-31,511146.28,3938.64,142580.26,72413.12,192285.52
8,92,South America,2022-01-31,132887.99,6271.11,34553.09,12851.41,48485.23
8,84,South America,2022-02-28,180014.84,6106.05,46078.95,31789.47,57359.74
8,83,South America,2022-03-31,283941.4,12090.94,65932.05,56895.02,103608.44
8,89,South America,2022-04-30,194560.96,9965.18,57008.85,39329.6,56913.2
8,84,South America,2022-05-31,229037.47,9134.71,65577.01,22728.36,78442.35
8,82,South America,2022-06-30,410947.69,22226.08,112009.5,60052.45,140222.08
8,87,South America,2022-07-31,233442.83,14229.26,66729.63,26507.61,95514.83
8,84,South America,2022-08-31,238767.28,23869.81,58138.88,34975.22,86379.48
8,99,South America,2022-09-30,347343.35,29370.96,84888.73,64962.32,125654.66
8,84,South America,2022-10-31,346787.48,8848.37,105106.47,57719.72,123566.14
8,95,South America,2022-11-30,444935.42,26220.41,125661.13,62309.32,155919.37
8,99,South America,2022-12-31,454352.86,15395.7,108542.19,60677.98,139340.19
9,73,North America,2018-01-31,91816.88,2716.78,23976.52,12587.85,34634.72
9,85,North America,2018-02-28,131312.98,11535.47,25767.96,16323.3,42181.64
9,83,North America,2018-03-31,220046.52,5625.13,56745.28,27806.11,65492.41
9,77,North America,2018-04-30,158128.75,25902.95,49291.25,20303.08,53342.49
9,79,North America,2018-05-31,163653.08,17436.46,34870.09,31208.08,69900.67
9,81,North America,2018-06-30,254524.91,9629.91,52325.72,29704.45,84509.25
9,80,North America,2018-07-31,201926.37,1437.42,51312.7,23646.84,66087.99
9,84,North America,2018-08-31,221015.83,7248.04,44227.99,36861.59,74604.85
9,85,North America,2018-09-30,243015.22,11862.55,46553.81,41525.57,91715.09
9,77,North America,2018-10-31,189122.03,10434.67,44463.92,33885.89,61472.72
9,75,North America,2018-11-30,239214.2,15274.06,60627.36,44836.79,86428.39
9,78,North America,2018-12-31,346441.77,15177.77,74551.68,56671.68,98783.18
9,72,North America,2019-01-31,131689.51,23331.52,29473.58,23689.87,47553.26
9,77,North America,2019-02-28,181346.73,20787.61,37457.12,19859.83,63386.33
9,78,North America,2019-03-31,229523.95,62.3,54308.23,37203.99,89596.57
9,72,North America,2019-04-30,150717.95,14760.05,40205.14,16767.46,55643.68
9,77,North America,2019-05-31,194769.33,4906.61,43219.47,31918.16,76301.98
9,76,North America,2019-06-30,294247.85,19392.22,75738.28,39531.75,112494.61
9,82,North America,2019-07-31,182341.62,12960.32,47351.45,22812.78,56923.68
9,75,North America,2019-08-31,170819.22,19486.68,35028.64,30485.13,58744.55
9,75,North America,2019-09-30,338264.79,4006.03,103738.88,50251.7,135844.55
9,74,North America,2019-10-31,248076.14,10228.86,63011.35,48805.55,81781.24
9,72,North America,2019-11-30,313427.79,10433.47,66639.05,52857.15,117718.33
9,73,North America,2019-12-31,485788.4,13173.92,109481.42,56756.22,159525.17
9,72,North America,2020-01-31,133645.02,28406.41,33814.0,19814.58,40794.92
9,76,North America,2020-02-29,194482.1,19866.96,46363.62,18924.3,58669.71
9,77,North America,2020-03-31,264331.63,29183.81,65937.48,50131.95,91609.48
9,77,North America,2020-04-30,172866.84,13384.48,40330.45,20038.45,61508.69
9,79,North America,2020-05-31,210484.47,10271.85,41260.5,34669.18,70642.86
9,76,North America,2020-06-30,321318.31,25210.45,63556.83,49016.01,125092.26
9,81,North America,2020-07-31,177328.23,22056.86,54290.15,31575.32,62552.83
9,81,North America,2020-08-31,203103.74,22777.17,55428.27,35141.68,65688.93
9,77,North America,2020-09-30,352318.53,21098.32,107886.8,56578.76,111364.82
9,79,North America,2020-10-31,207367.22,28618.1,42548.54,35465.86,71321.55
9,82,North America,2020-11-30,302695.22,22769.3,63949.53,39458.28,115303.33
9,74,North America,2020-12-31,512245.45,14802.2,120185.99,69040.24,198146.32
9,77,North America,2021-01-31,117120.78,27458.7,31731.04,14334.12,43670.69
9,83,North America,2021-02-28,210692.05,5706.84,44545.48,23253.32,64103.38
9,76,North America,2021-03-31,294467.59,4241.51,72863.92,46831.2,107124.9
9,72,North America,2021-04-30,168906.9,10976.98,43103.17,25801.06,60747.14
9,84,North America,2021-05-31,239819.74,24971.73,55789.31,29434.63,68162.35
9,79,North America,2021-06-30,387344.9,8250.74,110523.09,72956.72,129401.37
9,80,North America,2021-07-31,261021.25,28085.3,78658.45,50708.85,90906.56
9,79,North America,2021-08-31,190518.7,4876.84,41930.66,33587.99,53607.94
9,73,North America,2021-09-30,305454.28,19568.43,89016.04,38818.27,87043.06
9,77,North America,2021-10-31,308604.57,2303.87,82224.33,64234.6,112040.25
9,84,North America,2021-11-30,451075.75,4911.87,107009.76,52105.15,156682.95
9,73,North America,2021-12-31,471288.04,15436.85,97643.86,85557.3,164104.17
9,72,North America,2022-01-31,144523.04,27862.9,34066.26,23508.45,43037.63
9,76,North America,2022-02-28,211252.87,3834.36,56933.23,41597.86,77751.57
9,72,North America,2022-03-31,327147.48,12328.28,75434.1,56603.0,106162.18
9,83,North America,2022-04-30,209447.38,10357.94,53060.13,33761.75,71057.31
9,77,North America,2022-05-31,277156.91,4316.28,82047.12,42517.86,99982.45
9,71,North America,2022-06-30,309312.08,26339.35,65074.45,53129.59,113836.65
9,83,North America,2022-07-31,245186.22,7749.01,51753.93,34431.32,81016.9
9,71,North America,2022-08-31,255962.71,13245.12,65034.32,51207.77,98964.68
9,83,North America,2022-09-30,321539.65,13918.09,72166.74,64020.01,114408.65
9,79,North America,2022-10-31,289868.04,4483.09,71780.47,39126.62,107460.17
9,76,North America,2022-11-30,442250.49,12567.71,102370.53,46665.94,177822.7
9,73,North America,2022-12-31,481662.04,28866.39,111906.26,84622.88,196194.36
10,79,South America,2018-01-31,103397.24,7986.95,28989.42,18795.78,41141.22
10,76,South America,2018-02-28,151363.11,13648.71,46121.03,21918.67,53283.1
10,84,South America,2018-03-31,240998.32,27526.35,56929.89,41577.56,77263.1
10,85,South America,2018-04-30,171518.21,7010.71,41363.96,22121.11,63484.85
10,80,South America,2018-05-31,165580.89,13538.56,44767.51,30956.1,55912.09
10,74,South America,2018-06-30,307320.75,16070.67,84276.11,53438.86,93545.67
10,76,South America,2018-07-31,190210.82,28036.21,48804.62,22772.71,66490.37
10,80,South America,2018-08-31,218492.58,9152.99,49222.83,34009.91,67205.1
10,81,South America,2018-09-30,245172.6,20170.86,57793.72,32449.42,74844.9
10,76,South America,2018-10-31,173818.88,12567.99,43051.2,30444.61,68064.08
10,85,South America,2018-11-30,319763.06,5506.92,80560.26,39471.69,124722.53
10,76,South America,2018-12-31,335618.97,28312.99,84940.77,48031.75,101717.12
10,76,South America,2019-01-31,89674.16,21859.11,20239.5,10590.26,28482.1
10,85,South America,2019-02-28,152954.46,4537.93,38304.07,17680.33,60779.68
10,81,South America,2019-03-31,241145.04,3360.35,62272.98,38019.57,85655.78
10,73,South America,2019-04-30,169577.59,14621.24,47448.41,20819.1,62346.51
10,85,South America,2019-05-31,174761.27,22368.85,35845.57,30476.61,53725.41
10,73,South America,2019-06-30,284155.23,12222.24,72345.26,44804.04,91394.35
10,82,South America,2019-07-31,232287.54,300.31,51368.22,26207.9,71176.44
10,84,South America,2019-08-31,163949.03,24080.92,35540.2,16441.49,50181.13
10,78,South America,2019-09-30,233588.15,19160.18,47923.84,44780.95,73504.16
10,83,South America,2019-10-31,249123.98,2712.57,77123.67,38306.14,89020.46
10,71,South America,2019-11-30,292032.61,27949.78,79788.21,31335.08,104182.72
10,82,South America,2019-12-31,365428.69,11001.66,68383.75,41743.16,144651.97
10,85,South America,2020-01-31,96190.08,15034.88,23570.51,19029.92,37815.75
10,80,South America,2020-02-29,151876.57,16323.78,35600.41,19388.97,44199.61
10,81,South America,2020-03-31,281475.65,8614.94,58162.63,40704.7,106640.86
10,73,South America,2020-04-30,155855.41,25546.12,31074.42,24443.52,58895.75
10,85,South America,2020-05-31,253895.97,20125.95,54047.39,37416.57,88701.14
10,73,South America,2020-06-30,272538.73,24806.04,67617.05,26880.27,84893.65
10,77,South America,2020-07-31,182450.07,9088.36,46804.72,38324.0,58753.54
10,81,South America,2020-08-31,239988.14,9345.37,60509.11,24841.3,87212.41
10,85,South America,2020-09-30,299296.34,18032.74,67427.34,43590.49,119386.79
10,80,South America,2020-10-31,262873.04,19431.6,64606.46,44230.5,87306.49
10,80,South America,2020-11-30,326859.61,20477.98,67605.98,33972.9,115257.59
10,74,South America,2020-12-31,392089.45,5698.04,117630.53,67043.79,129197.88
10,78,South America,2021-01-31,149146.56,12423.95,38863.29,23141.52,45474.76
10,79,South America,2021-02-28,233020.9,16216.58,72775.3,33034.65,75399.86
10,85,South America,2021-03-31,237728.3,24024.08,53138.54,34592.08,98986.05
10,75,South America,2021-04-30,175643.2,1182.53,41770.8,31978.43,55676.12
10,73,South America,2021-05-31,269925.49,21986.32,79574.73,35192.1,108170.6
10,84,South America,2021-06-30,287184.73,13288.53,76866.0,39588.78,106366.59
10,73,South America,2021-07-31,271532.63,1792.87,65749.5,29173.02,87285.81
10,77,South America,2021-08-31,208186.77,3768.47,53125.55,28874.88,89475.58
10,76,South America,2021-09-30,281292.5,7868.23,62517.84,48598.12,89199.39
10,75,South America,2021-10-31,247735.84,14724.31,63441.71,35806.23,88533.08
10,73,South America,2021-11-30,307534.45,21685.18,69257.0,34696.44,117786.38
10,76,South America,2021-12-31,399329.14,2840.43,94795.33,74702.47,115739.11
10,71,South America,2022-01-31,126852.8,20582.73,40031.36,18318.98,44723.83
10,81,South America,2022-02-28,230372.65,6590.46,66171.74,45514.51,79006.68
10,72,South America,2022-03-31,241045.59,17774.8,52472.05,32317.57,95560.23
10,83,South America,2022-04-30,184994.27,8308.64,46492.69,24171.25,57999.8
10,84,South America,2022-05-31,222918.54,23414.13,52735.27,45614.06,81973.77
10,75,South America,2022-06-30,328605.6,10466.11,71474.88,58684.75,119615.23
10,81,South America,2022-07-31,276807.03,29422.84,82735.54,46632.21,103935.95
10,78,South America,2022-08-31,279245.24,2400.55,86114.51,39149.83,99699.32
10,77,South America,2022-09-30,391499.59,26648.17,107528.05,61476.85,156038.42
10,76,South America,2022-10-31,318170.77,20159.28,68527.6,46668.33,95653.56
10,77,South America,2022-11-30,442673.5,10988.59,90265.14,58030.13,168498.97
10,75,South America,2022-12-31,457330.96,24562.4,118536.44,57140.88,143232.82
11,91,Asia,2018-01-31,99901.17,7892.4,21873.92,18903.68,34275.51
11,90,Asia,2018-02-28,132979.18,13140.65,27525.81,15889.59,42133.68
11,83,Asia,2018-03-31,209212.42,13255.61,45692.92,40825.01,67701.94
11,85,Asia,2018-04-30,140167.36,19390.95,33745.59,15302.1,41729.64
11,98,Asia,2018-05-31,182828.26,19663.08,50618.28,18236.6,61695.26
11,91,Asia,2018-06-30,229978.17,23968.46,51635.32,40426.3,90297.02
11,88,Asia,2018-07-31,206451.1,8841.04,44277.44,26848.31,67050.78
11,90,Asia,2018-08-31,165007.44,10177.12,39460.9,27719.36,57912.54
11,82,Asia,2018-09-30,237945.02,8735.89,62304.84,45619.17,94236.38
11,96,Asia,2018-10-31,219272.88,25732.92,52256.8,25011.11,87339.59
11,83,Asia,2018-11-30,238789.78,7143.75,52594.49,45106.73,94797.2
11,84,Asia,2018-12-31,371979.22,22427.91,86063.08,43927.9,119148.95
11,90,Asia,2019-01-31,124821.99,17169.46,26627.02,15296.22,41750.58
11,96,Asia,2019-02-28,197843.3,6968.69,47545.41,23174.47,70906.18
11,99,Asia,2019-03-31,192684.61,450.68,50391.4,22366.72,63037.62
11,95,Asia,2019-04-30,187537.9,28236.44,51358.28,28488.18,69122.61
11,97,Asia,2019-05-31,181322.65,28848.34,40305.26,21349.27,54671.71
11,90,Asia,2019-06-30,318342.28,24543.13,81472.64,38653.87,95290.23
11,85,Asia,2019-07-31,199410.28,3926.43,53688.81,40918.06,77940.31
11,83,Asia,2019-08-31,222792.72,7023.08,53733.64,26819.94,86290.86
11,100,Asia,2019-09-30,342435.17,10899.68,88627.89,60043.52,100982.34
11,100,Asia,2019-10-31,196028.4,27283.31,54523.59,27500.57,67820.92
11,87,Asia,2019-11-30,350125.38,18073.23,88148.58,58525.28,104854.6
11,90,Asia,2019-12-31,493454.07,2331.37,104386.42,78748.5,155855.99
11,83,Asia,2020-01-31,131176.24,10089.24,35148.53,19831.18,39918.92
11,84,Asia,2020-02-29,159926.83,9650.59,42055.69,17169.99,62741.89
11,96,Asia,2020-03-31,244373.14,14311.45,62166.21,38436.55,76486.99
11,89,Asia,2020-04-30,197021.66,25765.25,49277.98,26376.16,64365.41
11,92,Asia,2020-05-31,208587.43,29335.61,64168.1,35569.78,70934.09
11,85,Asia,2020-06-30,349178.97,25980.7,85135.68,60397.76,126648.15
11,100,Asia,2020-07-31,219764.18,4767.74,52486.95,24247.14,75392.16
11,96,Asia,2020-08-31,223527.62,141.37,54251.47,42429.68,63380.7
11,84,Asia,2020-09-30,313344.62,13403.16,76002.19,56694.29,111246.94
11,93,Asia,2020-10-31,236542.48,29069.04,66778.86,29860.38,76327.64
11,87,Asia,2020-11-30,310415.59,18050.6,76575.73,56032.45,99211.73
11,82,Asia,2020-12-31,483237.78,15260.76,136239.82,87420.84,184597.88
11,96,Asia,2021-01-31,105615.54,28407.09,26772.65,17548.24,33074.47
11,92,Asia,2021-02-28,221435.96,7090.28,61149.31,39385.15,66779.33
11,90,Asia,2021-03-31,232600.42,7514.49,56903.0,26281.15,74638.68
11,82,Asia,2021-04-30,218438.32,16520.72,49462.66,37161.65,84594.04
11,90,Asia,2021-05-31,186938.43,282.6,42238.64,31637.09,63898.67
11,93,Asia,2021-06-30,340473.69,19908.74,95845.45,46943.97,106622.63
11,89,Asia,2021-07-31,264154.7,4064.84,71344.38,34160.03,98707.57
11,97,Asia,2021-08-31,243024.63,12119.29,50284.21,30886.52,80808.38
11,98,Asia,2021-09-30,306446.75,27734.83,58262.97,33150.08,110994.11
11,88,Asia,2021-10-31,316185.87,17132.79,73615.07,57463.3,98083.84
11,90,Asia,2021-11-30,398461.37,9295.41,118185.0,53656.13,143963.14
11,88,Asia,2021-12-31,553005.76,19626.9,174475.63,57073.17,168600.51
11,97,Asia,2022-01-31,113578.72,7342.35,31062.8,20318.66,33989.92
11,88,Asia,2022-02-28,195282.6,9806.8,48611.18,30905.38,82097.01
11,98,Asia,2022-03-31,281292.76,2113.82,75463.64,33334.32,106123.55
11,94,Asia,2022-04-30,171434.24,27532.76,49037.13,26510.64,56539.43
11,87,Asia,2022-05-31,294337.18,21598.79,76046.34,30051.03,93042.11
11,96,Asia,2022-06-30,372572.76,15255.82,92998.77,51474.79,139220.74
11,87,Asia,2022-07-31,265018.88,18725.76,77688.9,32774.82,109858.38
11,95,Asia,2022-08-31,214471.74,28856.65,56252.56,25492.82,79302.66
11,96,Asia,2022-09-30,326788.06,27666.7,76996.75,34519.5,111837.97
11,85,Asia,2022-10-31,331552.91,26598.46,76977.6,57023.45,120876.96
11,86,Asia,2022-11-30,344707.41,28019.62,82230.89,48064.18,108941.18
11,85,Asia,2022-12-31,523986.51,4423.62,99448.93,58591.44,177881.81
12,25,Asia,2018-01-31,97212.66,8241.15,25955.49,10421.01,31659.06
12,25,Asia,2018-02-28,164191.01,14400.56,32038.56,31406.61,52882.19
12,25,Asia,2018-03-31,165862.41,19647.21,39321.33,30374.16,50483.29
12,27,Asia,2018-04-30,168684.12,19847.73,33182.06,24227.66,54918.02
12,28,Asia,2018-05-31,201345.9,27659.62,52333.32,32076.0,79242.07
12,29,Asia,2018-06-30,236226.49,13648.52,58083.91,45809.09,79346.74
12,29,Asia,2018-07-31,202894.15,29547.87,52581.05,35684.98,64177.5
12,25,Asia,2018-08-31,202371.93,4624.43,54012.66,24704.98,72619.99
12,27,Asia,2018-09-30,226235.8,2360.93,55420.05,28312.23,87964.83
12,25,Asia,2018-10-31,221859.92,18568.05,67074.59,20814.7,69584.47
12,27,Asia,2018-11-30,305065.91,22167.85,62356.36,31850.13,104691.47
12,27,Asia,2018-12-31,382759.58,17552.33,104166.64,74285.48,120257.51
12,26,Asia,2019-01-31,124305.93,14557.67,32867.82,16521.04,39245.0
12,29,Asia,2019-02-28,176433.59,4454.5,43142.31,20062.49,55896.42
12,28,Asia,2019-03-31,195947.95,6311.16,50196.97,27023.32,81882.81
12,25,Asia,2019-04-30,165422.66,22608.3,36814.73,29105.61,54331.57
12,27,Asia,2019-05-31,193347.08,8036.21,54458.32,36524.19,66366.29
12,28,Asia,2019-06-30,270264.2,27414.44,66080.19,38245.78,100250.56
12,25,Asia,2019-07-31,164088.29,26123.92,39327.19,28122.2,57014.97
12,27,Asia,2019-08-31,166562.34,21764.34,40921.53,25537.01,62489.22
12,29,Asia,2019-09-30,246091.52,11918.74,54514.71,31318.3,84866.94
12,29,Asia,2019-10-31,226056.83,15190.52,52327.81,25105.34,77621.39
12,29,Asia,2019-11-30,381446.73,25107.83,94904.65,72396.15,145208.65
12,26,Asia,2019-12-31,464452.09,9738.26,113004.14,74103.98,176133.31
12,29,Asia,2020-01-31,126743.2,7783.48,28689.21,16145.59,46927.15
12,25,Asia,2020-02-29,174337.4,11810.46,52610.25,33738.81,59097.94
12,27,Asia,2020-03-31,286336.81,18112.33,74117.61,40863.76,114277.91
12,27,Asia,2020-04-30,164128.78,17208.84,42252.23,21450.72,57633.2
12,28,Asia,2020-05-31,235962.21,2821.79,54090.04,25295.25,89827.32
12,27,Asia,2020-06-30,362149.85,21164.9,87310.28,37531.59,111130.91
12,25,Asia,2020-07-31,220662.95,2225.29,57874.84,41794.24,80948.08
12,27,Asia,2020-08-31,264023.0,8432.22,55402.6,43142.33,96641.6
12,27,Asia,2020-09-30,295950.38,6336.25,67576.42,50730.21,116812.26
12,29,Asia,2020-10-31,298480.56,28848.94,88651.98,46863.55,97075.9
12,27,Asia,2020-11-30,344508.01,27035.33,94026.62,57080.93,104116.73
12,26,Asia,2020-12-31,474382.69,1690.0,110708.72,58981.18,169277.05
12,26,Asia,2021-01-31,114408.02,9587.68,32234.6,12398.23,47251.36
12,25,Asia,2021-02-28,165648.51,21638.62,46201.42,17201.53,58279.49
12,29,Asia,2021-03-31,278375.15,20784.04,70197.31,49540.1,99488.86
12,29,Asia,2021-04-30,218570.57,28940.71,50336.87,42641.66,72663.43
12,28,Asia,2021-05-31,212079.99,5081.89,52638.75,37080.02,66370.3
12,26,Asia,2021-06-30,359314.77,12432.89,95784.29,41201.52,134962.12
12,28,Asia,2021-07-31,264201.85,10206.49,63238.66,26501.79,78087.74
12,26,Asia,2021-08-31,195429.51,4337.39,41088.28,29978.5,55036.8
12,27,Asia,2021-09-30,400205.89,1643.61,101414.62,63918.34,148839.39
12,26,Asia,2021-10-31,316206.64,16916.01,71288.27,49117.76,101944.53
12,25,Asia,2021-11-30,374846.0,17982.92,71012.12,37587.31,156263.81
12,25,Asia,2021-12-31,490862.65,16950.98,144673.5,85205.28,153497.77
12,27,Asia,2022-01-31,148927.7,18741.02,32626.34,24315.55,50350.36
12,27,Asia,2022-02-28,171175.23,10231.44,39954.83,33998.1,59527.82
12,29,Asia,2022-03-31,271954.5,25572.91,51963.7,42395.88,99453.97
12,25,Asia,2022-04-30,171061.29,28105.6,35327.44,23715.45,50044.87
12,26,Asia,2022-05-31,211401.46,21583.8,43480.37,19870.26,67203.23
12,25,Asia,2022-06-30,362715.53,7604.81,104962.74,39142.16,137373.52
12,27,Asia,2022-07-31,289756.17,27887.49,63630.7,44439.44,84411.55
12,29,Asia,2022-08-31,220325.06,13669.82,62885.45,38373.64,79994.49
12,27,Asia,2022-09-30,393101.54,25273.71,104079.13,41804.24,146124.19
12,26,Asia,2022-10-31,296451.44,4057.24,67125.35,33257.12,87364.72
12,28,Asia,2022-11-30,428681.0,9491.26,84795.39,61607.1,130470.93
12,29,Asia,2022-12-31,603961.53,16065.66,145685.26,76300.77,218393.96
13,6,Europe,2018-01-31,90449.81,29457.16,26211.43,10207.4,27371.54
13,6,Europe,2018-02-28,162644.01,18123.92,45449.82,18139.3,45509.27
13,6,Europe,2018-03-31,191297.35,12324.27,39502.75,25538.35,72015.01
13,6,Europe,2018-04-30,152692.82,9692.13,40201.75,20555.09,60501.16
13,6,Europe,2018-05-31,185162.87,28833.55,50647.25,24420.38,58566.97
13,6,Europe,2018-06-30,311568.39,3058.58,68812.76,34254.53,108492.35
13,6,Europe,2018-07-31,208963.22,11964.65,55899.76,27951.59,72043.28
13,6,Europe,2018-08-31,166676.67,10093.83,40682.99,21869.39,65875.53
13,6,Europe,2018-09-30,219677.88,18327.23,55911.5,41592.73,81181.02
13,6,Europe,2018-10-31,217879.15,1582.7,49273.29,44381.64,89888.99
13,6,Europe,2018-11-30,294533.35,21329.64,77752.16,33775.14,115127.7
13,6,Europe,2018-12-31,333665.47,19283.21,76636.12,60782.33,113319.6
13,6,Europe,2019-01-31,88433.26,7142.56,23094.52,11155.22,26190.63
13,6,Europe,2019-02-28,151786.17,16654.79,45185.85,22622.28,62981.24
13,6,Europe,2019-03-31,258438.17,13438.31,61861.75,34684.25,96973.07
13,6,Europe,2019-04-30,172867.96,4034.7,42099.85,30520.2,55959.15
13,6,Europe,2019-05-31,219197.44,11584.68,63825.98,39346.8,89052.75
13,6,Europe,2019-06-30,242654.6,23594.49,51322.65,34631.75,86111.71
13,6,Europe,2019-07-31,224908.42,29680.22,58305.91,41141.86,64882.67
13,6,Europe,2019-08-31,164787.54,15605.49,44761.76,23840.35,55098.97
13,6,Europe,2019-09-30,313944.33,12124.45,81897.28,44893.14,111286.83
13,6,Europe,2019-10-31,216710.68,23437.71,48162.44,29036.0,73303.17
13,6,Europe,2019-11-30,325357.92,26097.89,68901.98,54497.82,121379.25
13,6,Europe,2019-12-31,348890.49,585.08,100224.93,39829.57,130715.71
13,6,Europe,2020-01-31,127648.81,27291.81,34692.31,16419.17,38364.11
13,6,Europe,2020-02-29,161226.81,10213.23,46629.62,23729.93,46705.56
13,6,Europe,2020-03-31,262332.46,3607.53,59483.81,36773.63,99898.77
13,6,Europe,2020-04-30,147208.9,27926.94,30672.08,22551.28,55153.19
13,6,Europe,2020-05-31,242668.16,29429.59,69128.89,42432.94,93970.68
13,6,Europe,2020-06-30,338553.38,27861.88,91938.0,36765.02,111799.27
13,6,Europe,2020-07-31,241627.65,12701.6,46731.91,29263.82,84240.79
13,6,Europe,2020-08-31,256254.89,3052.64,54194.94,26948.84,84486.21
13,6,Europe,2020-09-30,298922.44,20034.19,64694.54,43369.91,106614.04
13,6,Europe,2020-10-31,305601.05,3101.34,62778.43,34517.75,101205.78
13,6,Europe,2020-11-30,287237.46,9596.39,79294.57,42064.58,106269.63
13,6,Europe,2020-12-31,385855.06,26571.06,94884.54,45872.92,109546.92
13,6,Europe,2021-01-31,105307.27,21687.92,31982.33,19574.1,35554.14
13,6,Europe,2021-02-28,191300.96,23536.1,42689.5,31748.66,76300.66
13,6,Europe,2021-03-31,212802.86,14382.47,54414.64,27788.05,73052.86
13,6,Europe,2021-04-30,222093.78,18493.83,72227.98,39553.71,83700.48
13,6,Europe,2021-05-31,202708.21,1776.7,43049.76,25030.51,63811.13
13,6,Europe,2021-06-30,362821.43,16758.67,103846.46,37299.88,116801.21
13,6,Europe,2021-07-31,215894.3,5099.69,47026.7,32110.75,69891.13
13,6,Europe,2021-08-31,273821.98,1352.67,73834.08,55998.51,90500.74
13,6,Europe,2021-09-30,377551.39,25001.33,89143.11,78578.17,140024.67
13,6,Europe,2021-10-31,221138.02,18785.22,64134.49,36131.93,80073.15
13,6,Europe,2021-11-30,409213.3,18231.29,99238.81,60108.81,125635.99
13,6,Europe,2021-12-31,452788.63,17613.98,96774.11,86210.4,154573.7
13,6,Europe,2022-01-31,165549.77,23001.16,44879.38,29358.23,51076.98
13,6,Europe,2022-02-28,237209.33,11009.8,53382.56,46801.67,97638.35
13,6,Europe,2022-03-31,234200.29,47.54,62315.24,33123.19,102136.26
13,6,Europe,2022-04-30,198205.03,4979.62,55844.35,29546.54,67726.03
13,6,Europe,2022-05-31,227590.09,20939.15,47492.32,38728.35,65744.11
13,6,Europe,2022-06-30,348874.49,5755.08,74448.21,63256.68,116568.01
13,6,Europe,2022-07-31,229396.37,17630.7,49196.94,43516.74,81944.32
13,6,Europe,2022-08-31,278757.33,27540.32,86744.94,45602.53,93472.18
13,6,Europe,2022-09-30,404637.03,15980.57,102690.65,80798.86,137127.57
13,6,Europe,2022-10-31,238660.81,1672.49,50717.92,45737.65,93819.99
13,6,Europe,2022-11-30,390285.07,14700.13,74715.67,51376.42,136273.4
13,6,Europe,2022-12-31,612769.9,2592.74,184135.46,111398.16,233439.01
14,25,Asia,2018-01-31,114442.52,2095.86,26651.39,18989.77,37696.92
14,25,Asia,2018-02-28,134056.16,4759.12,38445.86,17598.8,48871.39
14,25,Asia,2018-03-31,217220.77,25420.65,53607.25,37759.72,72516.38
14,27,Asia,2018-04-30,147766.77,40.67,39717.51,26996.89,48363.52
14,27,Asia,2018-05-31,190978.15,26324.68,45307.59,32903.04,78397.82
14,26,Asia,2018-06-30,275419.42,3066.73,54282.27,42247.9,101266.16
14,24,Asia,2018-07-31,167834.39,20602.67,35712.34,18440.72,60656.23
14,25,Asia,2018-08-31,193099.11,18127.79,46422.75,27364.26,65827.82
14,27,Asia,2018-09-30,276115.85,12232.18,61678.76,38005.7,88213.44
14,27,Asia,2018-10-31,189504.05,4672.55,50850.64,40629.06,62262.83
14,24,Asia,2018-11-30,258794.35,19612.94,72705.93,47511.05,74015.61
14,26,Asia,2018-12-31,327626.93,21297.99,86250.78,67156.11,128254.49
14,27,Asia,2019-01-31,106330.06,19455.81,29322.94,14620.47,30828.93
14,26,Asia,2019-02-28,158017.39,1894.82,39145.36,24374.41,54501.84
14,25,Asia,2019-03-31,259600.31,25906.4,73025.12,46194.72,92041.28
14,27,Asia,2019-04-30,170466.66,20745.17,51432.06,32496.63,68335.38
14,24,Asia,2019-05-31,208122.3,19971.46,45180.11,24252.67,76128.64
14,27,Asia,2019-06-30,272983.03,2399.47,69759.13,39764.86,93635.16
14,25,Asia,2019-07-31,173038.72,3115.18,47652.67,31191.93,69161.1
14,23,Asia,2019-08-31,179466.86,11551.52,46044.09,29628.79,53072.29
14,27,Asia,2019-09-30,241513.77,788.93,55185.55,28578.66,77213.25
14,23,Asia,2019-10-31,199878.79,29210.76,48385.5,34132.14,62476.96
14,24,Asia,2019-11-30,319204.4,483.25,94118.33,31651.28,108674.76
14,24,Asia,2019-12-31,406619.82,12106.46,107043.21,60238.09,124268.91
14,26,Asia,2020-01-31,122503.72,22584.51,27351.71,20370.83,36516.96
14,26,Asia,2020-02-29,170104.29,19638.64,35204.57,28353.27,57808.77
14,24,Asia,2020-03-31,288887.37,21088.43,74589.66,40690.83,93146.93
14,27,Asia,2020-04-30,147607.5,23398.81,32672.61,20185.91,53683.56
14,26,Asia,2020-05-31,193553.09,26288.77,52242.58,34010.25,76733.84
14,26,Asia,2020-06-30,251933.76,20694.63,62818.81,46277.57,85374.39
14,26,Asia,2020-07-31,248111.92,23517.59,50593.66,43314.76,82264.5
14,27,Asia,2020-08-31,187967.62,20145.35,58044.14,31759.84,55363.95
14,23,Asia,2020-09-30,371541.84,28150.85,90060.87,69930.43,131905.19
14,26,Asia,2020-10-31,231791.65,24953.56,47315.33,24179.64,83831.02
14,26,Asia,2020-11-30,411159.81,23415.65,100821.82,58076.93,147980.13
14,24,Asia,2020-12-31,397057.15,835.49,87799.16,74198.93,130705.9
14,23,Asia,2021-01-31,148829.41,25175.77,42877.61,16069.99,49465.72
14,24,Asia,2021-02-28,187906.95,6822.65,41949.34,20681.3,61351.81
14,23,Asia,2021-03-31,290276.68,28931.5,89173.24,59155.12,104153.7
14,27,Asia,2021-04-30,204868.25,8236.34,47794.59,32677.98,78264.81
14,25,Asia,2021-05-31,218482.41,23548.67,55269.51,22508.97,81382.36
14,27,Asia,2021-06-30,277288.99,3493.37,67510.93,40152.03,93176.52
14,23,Asia,2021-07-31,224203.84,7872.23,53581.56,38154.99,77694.08
14,23,Asia,2021-08-31,267943.39,17630.83,72568.37,41377.96,103969.31
14,27,Asia,2021-09-30,324436.81,16884.38,70889.13,41060.86,120476.81
14,23,Asia,2021-10-31,237775.78,3550.62,49502.59,30900.28,67083.73
14,24,Asia,2021-11-30,428033.94,1166.21,93490.74,80391.12,145647.85
14,27,Asia,2021-12-31,411981.49,29909.72,85121.18,47745.78,134206.3
14,26,Asia,2022-01-31,144318.85,21072.53,34958.4,15724.79,47440.4
14,26,Asia,2022-02-28,202565.73,17139.6,55893.98,41699.07,73665.56
14,25,Asia,2022-03-31,267215.62,28249.0,76418.4,49549.5,100151.2
14,23,Asia,2022-04-30,214179.9,914.9,56393.2,27988.67,80333.71
14,23,Asia,2022-05-31,253166.94,1353.48,53922.05,35600.1,84846.93
14,25,Asia,2022-06-30,345861.67,29397.43,90125.5,51564.95,106495.8
14,26,Asia,2022-07-31,232327.11,2587.48,59558.39,33171.42,71183.45
14,23,Asia,2022-08-31,285800.5,12984.05,78285.29,55106.73,97313.02
14,26,Asia,2022-09-30,381745.1,29579.75,92448.64,58276.17,141152.71
14,26,Asia,2022-10-31,305029.14,20677.85,71091.92,44505.71,114496.02
14,25,Asia,2022-11-30,403850.39,23798.94,115461.21,56867.51,135209.33
14,27,Asia,2022-12-31,491830.02,12214.93,143136.15,93354.88,161078.66
15,55,Europe,2018-01-31,99700.87,27446.58,21928.02,13037.43,30332.34
15,53,Europe,2018-02-28,159328.89,7456.07,41847.18,20559.7,67025.79
15,51,Europe,2018-03-31,189571.33,5359.88,36018.36,23540.54,59816.11
15,55,Europe,2018-04-30,163817.83,11433.02,43995.81,35594.95,64402.32
15,60,Europe,2018-05-31,204364.91,24474.62,57679.47,34440.8,78116.62
15,56,Europe,2018-06-30,257009.1,17209.6,81205.44,44336.51,93110.38
15,55,Europe,2018-07-31,209220.29,15154.97,49071.23,36180.86,69710.54
15,60,Europe,2018-08-31,200971.18,16650.17,50017.1,22762.14,79916.99
15,52,Europe,2018-09-30,307698.67,18486.73,80973.02,30929.82,132286.49
15,61,Europe,2018-10-31,204431.63,27191.74,57006.97,31042.78,63161.62
15,59,Europe,2018-11-30,318651.83,16245.19,80416.2,47414.42,99965.78
15,58,Europe,2018-12-31,367812.6,16824.37,111894.89,47163.98,105582.61
15,53,Europe,2019-01-31,118217.78,15602.48,27513.5,21430.17,38285.4
15,57,Europe,2019-02-28,173912.68,13295.4,34881.94,17336.76,69999.03
15,51,Europe,2019-03-31,256950.71,8939.39,57253.9,46417.92,102697.06
15,55,Europe,2019-04-30,179874.0,10173.92,55454.98,35072.98,52471.28
15,53,Europe,2019-05-31,195204.9,14650.05,50361.78,23577.97,68200.74
15,56,Europe,2019-06-30,289389.78,5964.86,55068.86,47328.47,95346.99
15,56,Europe,2019-07-31,222995.57,4246.56,57070.15,42068.19,86251.28
15,60,Europe,2019-08-31,185308.28,25326.29,37051.95,24358.71,79992.65
15,56,Europe,2019-09-30,300542.77,20893.13,67343.47,39999.91,111367.51
15,52,Europe,2019-10-31,244523.78,16878.98,58241.95,29964.72,79078.87
15,55,Europe,2019-11-30,293689.18,11405.85,69882.19,57844.1,89369.69
15,54,Europe,2019-12-31,376823.41,21466.88,89877.94,63916.41,116704.92
15,57,Europe,2020-01-31,124505.94,19365.34,33079.78,15270.57,39554.12
15,51,Europe,2020-02-29,210195.65,18712.6,43254.93,28884.45,76736.09
15,51,Europe,2020-03-31,275647.03,17155.45,64858.43,39485.06,114193.88
15,56,Europe,2020-04-30,215283.04,11339.05,47740.97,20140.17,71434.16
15,61,Europe,2020-05-31,198974.4,24675.53,42107.31,31071.16,65063.8
15,60,Europe,2020-06-30,351669.54,8538.31,94995.75,72466.66,99644.15
15,51,Europe,2020-07-31,206774.1,25341.28,45764.58,34421.49,73156.55
15,52,Europe,2020-08-31,206816.91,14071.81,41860.2,30714.95,64976.04
15,52,Europe,2020-09-30,296139.77,9299.4,66681.24,51427.07,104394.18
15,61,Europe,2020-10-31,263382.44,7464.49,61591.59,45462.37,100476.55
15,56,Europe,2020-11-30,291015.89,1540.03,61907.39,47206.23,104004.48
15,52,Europe,2020-12-31,387799.84,4018.24,93046.88,43650.62,140497.73
15,56,Europe,2021-01-31,115682.36,21805.91,25356.65,15090.73,39641.49
15,52,Europe,2021-02-28,217641.08,5128.35,49022.73,28047.46,77520.52
15,57,Europe,2021-03-31,259914.62,12126.6,56751.14,56054.99,104794.53
15,59,Europe,2021-04-30,194151.41,2145.09,54243.74,28921.79,58807.65
15,52,Europe,2021-05-31,201435.8,20860.63,58363.34,23413.45,63635.74
15,60,Europe,2021-06-30,333215.4,15031.42,68590.53,53589.95,115637.19
15,60,Europe,2021-07-31,239269.81,15338.94,69775.39,49821.76,87666.92
15,53,Europe,2021-08-31,228233.81,26111.88,42330.71,28121.95,88989.63
15,61,Europe,2021-09-30,335560.18,20942.23,78972.9,42869.81,120307.11
15,59,Europe,2021-10-31,275914.29,719.26,79808.15,27669.15,104001.46
15,53,Europe,2021-11-30,346147.25,3282.0,83707.14,60478.32,124398.31
15,55,Europe,2021-12-31,547293.56,23421.98,137231.31,100026.57,232989.42
15,56,Europe,2022-01-31,139998.73,4227.12,39880.53,17604.36,42595.7
15,60,Europe,2022-02-28,183340.09,21553.81,54399.51,33870.13,54136.53
15,53,Europe,2022-03-31,240908.26,4151.36,67488.52,33079.18,92663.63
15,56,Europe,2022-04-30,204802.98,23046.2,39682.16,39353.0,79863.1
15,55,Europe,2022-05-31,204282.42,27983.37,54896.18,30064.36,73311.08
15,55,Europe,2022-06-30,298409.4,19200.91,95104.94,36856.82,111729.35
15,53,Europe,2022-07-31,280230.48,29580.84,65038.68,52927.96,92285.73
15,61,Europe,2022-08-31,230378.55,1046.41,47867.2,39977.73,64396.33
15,51,Europe,2022-09-30,388242.98,991.57,70817.65,46350.67,136943.85
15,53,Europe,2022-10-31,345238.7,19360.37,93697.74,63787.81,111799.83
15,54,Europe,2022-11-30,446881.69,18756.35,81649.23,51595.01,156859.54
15,60,Europe,2022-12-31,577400.39,664.7,143381.94,80911.79,197299.68
16,5,Asia,2018-01-31,118539.37,27308.15,31182.03,18727.11,39948.83
16,5,Asia,2018-02-28,122109.47,3828.7,32044.09,19578.33,37440.43
16,5,Asia,2018-03-31,187443.71,16296.6,35860.06,28976.95,70178.74
16,5,Asia,2018-04-30,170748.8,9340.18,47813.86,33064.7,70379.95
16,5,Asia,2018-05-31,150651.17,24719.41,43049.32,16540.67,42604.66
16,5,Asia,2018-06-30,222374.77,27410.09,55265.37,33872.2,92542.54
16,5,Asia,2018-07-31,170407.5,21696.88,50478.64,32180.52,72628.81
16,5,Asia,2018-08-31,175016.79,22128.09,44014.28,20889.07,61655.54
16,5,Asia,2018-09-30,293343.19,25288.51,74140.18,37704.28,101105.09
16,5,Asia,2018-10-31,209746.15,28595.02,56625.41,24686.39,66840.07
16,5,Asia,2018-11-30,351287.86,14552.16,106338.41,63630.14,105042.0
16,5,Asia,2018-12-31,419169.98,5396.89,117695.33,79852.53,160539.65
16,5,Asia,2019-01-31,121570.65,21105.24,32370.0,17811.47,37306.12
16,5,Asia,2019-02-28,197242.73,18123.27,48934.84,34635.68,73708.49
16,5,Asia,2019-03-31,230424.59,6068.32,53528.59,37694.94,100023.37
16,5,Asia,2019-04-30,156005.57,23099.77,40354.32,22750.82,63831.06
16,5,Asia,2019-05-31,167917.17,11033.61,36628.71,28685.4,64918.34
16,5,Asia,2019-06-30,243964.9,10230.51,53767.03,46454.84,88275.75
16,5,Asia,2019-07-31,217574.68,13583.04,52711.18,43448.07,89423.07
16,5,Asia,2019-08-31,169200.46,10110.08,36586.89,24530.48,66497.19
16,5,Asia,2019-09-30,273934.89,21569.77,77585.28,35402.71,76162.04
16,5,Asia,2019-10-31,217373.9,10440.9,53151.37,40992.0,82795.11
16,5,Asia,2019-11-30,329614.0,18205.79,81746.62,44934.6,106729.01
16,5,Asia,2019-12-31,439324.25,13874.71,115101.36,53653.5,137351.72
16,5,Asia,2020-01-31,139964.53,28743.68,28947.99,25157.12,55273.45
16,5,Asia,2020-02-29,205706.44,466.88,50157.17,29161.37,60881.38
16,5,Asia,2020-03-31,255521.13,24821.53,65542.78,29477.38,90728.28
16,5,Asia,2020-04-30,152229.91,26823.22,43793.26,26413.25,58270.1
16,5,Asia,2020-05-31,214964.11,16163.18,44951.07,29107.1,78406.63
16,5,Asia,2020-06-30,299435.84,15564.25,60230.76,53885.59,101167.93
16,5,Asia,2020-07-31,194905.45,14268.62,49044.97,36037.16,68204.98
16,5,Asia,2020-08-31,212362.01,16157.5,44421.84,36918.42,63893.88
16,5,Asia,2020-09-30,277097.39,649.44,69283.31,48820.04,93813.18
16,5,Asia,2020-10-31,228973.63,21496.61,58622.05,30310.71,92111.37
16,5,Asia,2020-11-30,385152.48,14342.91,104155.38,76872.88,155282.46
16,5,Asia,2020-12-31,452499.56,4989.35,116010.67,62828.54,159485.69
16,5,Asia,2021-01-31,128595.01,20163.43,32741.74,18530.19,44743.92
16,5,Asia,2021-02-28,233042.28,2515.37,53218.86,31573.74,70391.9
16,5,Asia,2021-03-31,287157.85,15297.97,65304.89,54590.55,85836.43
16,5,Asia,2021-04-30,222044.15,27673.07,55464.48,25862.21,82516.12
16,5,Asia,2021-05-31,234684.77,21403.72,74460.41,23265.44,90210.51
16,5,Asia,2021-06-30,350386.52,23372.82,96876.93,47709.74,108770.81
16,5,Asia,2021-07-31,244281.72,29910.65,65888.76,44542.43,83563.87
16,5,Asia,2021-08-31,253661.15,1780.15,65444.01,50833.23,95862.44
16,5,Asia,2021-09-30,294429.44,7529.59,78500.18,48684.38,100673.22
16,5,Asia,2021-10-31,225119.57,130.32,64466.7,29947.74,72591.69
16,5,Asia,2021-11-30,369324.72,16640.81,81449.81,62859.72,124451.03
16,5,Asia,2021-12-31,579410.52,1788.77,156115.5,77073.21,199718.26
16,5,Asia,2022-01-31,114124.55,4408.81,31871.57,22360.3,45211.7
16,5,Asia,2022-02-28,207487.31,24885.67,55655.17,38810.63,67379.24
16,5,Asia,2022-03-31,258929.76,22954.59,65918.88,35948.05,87360.4
16,5,Asia,2022-04-30,222251.13,1727.16,61087.99,29793.43,71624.13
16,5,Asia,2022-05-31,213158.69,29118.0,55457.32,25885.77,60777.96
16,5,Asia,2022-06-30,403012.43,1488.74,111529.62,60400.68,147414.23
16,5,Asia,2022-07-31,234418.51,17073.21,52339.98,38247.18,95504.28
16,5,Asia,2022-08-31,244996.13,12699.8,65738.94,30891.71,100065.37
16,5,Asia,2022-09-30,413276.7,17035.23,85451.5,53012.9,146071.7
16,5,Asia,2022-10-31,258838.12,16615.21,62123.51,28605.11,93906.85
16,5,Asia,2022-11-30,359826.83,8787.17,82332.33,60295.35,149204.25
16,5,Asia,2022-12-31,557658.85,29699.42,146346.71,89787.81,201169.5
17,87,North America,2018-01-31,101367.6,20367.09,21181.91,11419.69,38789.75
17,87,North America,2018-02-28,173317.73,13363.76,43386.86,31073.52,67525.63
17,86,North America,2018-03-31,170012.58,16879.62,44779.86,29860.14,50263.34
17,100,North America,2018-04-30,161322.67,14837.69,35361.65,23542.26,57624.21
17,99,North America,2018-05-31,152248.84,25748.74,30509.67,27110.48,48990.84
17,97,North America,2018-06-30,253549.07,27855.66,53571.03,32188.02,83715.99
17,87,North America,2018-07-31,194981.78,25684.38,54752.25,27785.26,78276.74
17,96,North America,2018-08-31,153724.55,26869.54,32292.13,25969.59,59748.28
17,83,North America,2018-09-30,271758.92,18287.06,60910.23,41099.92,84201.83
17,96,North America,2018-10-31,207891.92,28885.87,45611.11,37621.06,82410.43
17,99,North America,2018-11-30,285667.2,6365.41,63494.22,41907.54,102697.37
17,93,North America,2018-12-31,433765.33,15756.07,103376.98,65677.49,157920.21
17,90,North America,2019-01-31,107533.58,22652.82,29640.07,11946.74,36981.42
17,99,North America,2019-02-28,178718.89,14108.65,51388.81,26850.34,60051.2
17,95,North America,2019-03-31,194819.78,16228.27,47595.06,20779.66,70172.34
17,88,North America,2019-04-30,151557.08,21137.58,41278.03,16624.57,51208.09
17,88,North America,2019-05-31,207390.24,5646.0,50029.68,22834.88,64028.37
17,91,North America,2019-06-30,254146.32,25401.66,58184.12,28456.13,87800.88
17,85,North America,2019-07-31,171734.84,3989.96,38568.14,20377.17,70115.24
17,96,North America,2019-08-31,215858.91,3485.42,53988.6,35825.4,65710.31
17,99,North America,2019-09-30,300822.94,10973.15,86834.1,38469.11,103334.3
17,85,North America,2019-10-31,230839.17,5311.24,54749.07,25074.14,89124.32
17,98,North America,2019-11-30,362282.66,4353.32,75216.78,42445.42,135513.92
17,90,North America,2019-12-31,480005.34,26032.42,116431.02,63272.45,171000.82
17,100,North America,2020-01-31,97469.06,8499.34,22378.73,17349.62,28084.47
17,87,North America,2020-02-29,190731.53,17626.85,49226.13,30062.49,62287.06
17,97,North America,2020-03-31,195231.57,9028.73,40663.37,28059.58,65721.64
17,90,North America,2020-04-30,196195.84,18977.8,41671.63,32585.12,69807.2
17,88,North America,2020-05-31,187634.55,10226.3,37199.51,32046.82,74505.2
17,100,North America,2020-06-30,330020.59,1917.34,80554.71,61643.85,109605.88
17,84,North America,2020-07-31,236741.73,17320.25,52738.48,37794.12,86494.29
17,85,North America,2020-08-31,248097.32,19655.16,63584.94,27615.99,70286.03
17,90,North America,2020-09-30,322867.22,23899.7,82725.23,65347.29,117199.91
17,97,North America,2020-10-31,233740.83,3864.39,55079.29,44164.36,89741.37
17,92,North America,2020-11-30,394361.96,8417.71,83941.26,68311.44,137354.0
17,99,North America,2020-12-31,483352.64,12973.42,95951.15,77396.57,174549.89
17,84,North America,2021-01-31,118605.93,27306.65,31566.51,17850.49,33687.59
17,93,North America,2021-02-28,204115.9,15409.58,58858.38,31941.4,61731.6
17,93,North America,2021-03-31,299440.26,14446.18,59667.95,30727.58,96575.16
17,87,North America,2021-04-30,221794.51,19687.2,55393.35,23953.53,75724.05
17,99,North America,2021-05-31,261977.27,8817.68,62892.09,41380.29,79611.61
17,97,North America,2021-06-30,359369.63,302.21,97256.47,44327.52,148077.76
17,88,North America,2021-07-31,224108.6,6266.67,45901.03,32119.92,82020.14
17,83,North America,2021-08-31,282016.64,27353.2,71390.28,32823.29,103528.06
17,92,North America,2021-09-30,303866.38,2425.4,87862.2,62391.02,99196.92
17,92,North America,2021-10-31,301858.81,26911.42,88623.67,36301.59,89264.14
17,85,North America,2021-11-30,448368.8,7398.52,128674.87,64383.18,178994.56
17,89,North America,2021-12-31,505045.05,26360.93,139541.93,60548.86,164866.71
17,88,North America,2022-01-31,121796.98,17891.56,27341.71,23767.49,45346.13
17,92,North America,2022-02-28,218960.03,9443.57,66837.15,34914.02,85104.45
17,91,North America,2022-03-31,335495.26,7610.08,103498.41,46267.98,115612.12
17,84,North America,2022-04-30,227930.12,2150.38,55732.44,38069.04,64827.84
17,93,North America,2022-05-31,200912.94,12471.34,42996.31,22114.8,59986.12
17,90,North America,2022-06-30,416233.49,7776.76,96340.26,69966.1,118114.46
17,99,North America,2022-07-31,216538.2,19638.64,45451.51,32838.51,72783.53
17,96,North America,2022-08-31,229850.73,8158.95,45193.17,25125.24,70537.81
17,83,North America,2022-09-30,427034.21,11047.88,93784.59,60562.53,154833.14
17,90,North America,2022-10-31,274885.97,11448.63,68973.96,36457.73,100523.03
17,95,North America,2022-11-30,447347.66,22034.05,108512.67,70077.16,155134.67
17,87,North America,2022-12-31,474583.7,26249.68,109658.04,95966.76,142508.54
18,35,Asia,2018-01-31,104865.18,3846.9,26940.32,18241.41,39677.19
18,33,Asia,2018-02-28,139261.27,15373.0,35951.5,24230.71,55190.84
18,34,Asia,2018-03-31,164684.49,11513.22,38316.09,16396.44,49155.36
18,32,Asia,2018-04-30,149286.5,27954.77,33397.6,20559.7,55345.14
18,36,Asia,2018-05-31,212860.51,8011.83,54367.05,27960.15,70554.34
18,32,Asia,2018-06-30,256537.49,16313.95,50180.13,39829.75,87049.11
18,35,Asia,2018-07-31,217762.52,10442.11,67042.6,36553.99,78184.41
18,30,Asia,2018-08-31,150009.55,11305.07,36329.97,15009.53,54463.97
18,34,Asia,2018-09-30,235525.29,9715.53,63407.72,30159.55,68457.14
18,36,Asia,2018-10-31,197802.62,8449.59,41267.69,36279.61,65475.08
18,33,Asia,2018-11-30,264823.02,1602.41,63117.31,36754.93,99230.04
18,30,Asia,2018-12-31,312136.86,335.98,85772.91,37718.04,96627.45
18,30,Asia,2019-01-31,116386.03,8470.98,31412.2,12252.75,43238.13
18,31,Asia,2019-02-28,196280.09,28345.06,55108.58,34445.69,65880.08
18,31,Asia,2019-03-31,239813.11,572.93,59225.34,31326.85,79682.51
18,30,Asia,2019-04-30,194843.08,21893.18,49648.01,29893.33,66653.42
18,32,Asia,2019-05-31,199128.2,21570.51,43714.59,36353.87,84282.08
18,32,Asia,2019-06-30,228832.7,8216.15,64149.1,25497.28,68987.8
18,32,Asia,2019-07-31,190049.76,524.04,44351.89,25920.33,68736.42
18,31,Asia,2019-08-31,237814.38,7255.59,54308.82,29065.21,81066.83
18,31,Asia,2019-09-30,278070.66,9402.4,72170.43,42677.17,97068.23
18,33,Asia,2019-10-31,226246.63,328.91,53703.33,41674.31,81577.07
18,36,Asia,2019-11-30,318727.83,26493.99,83478.85,61041.29,102323.16
18,35,Asia,2019-12-31,418081.55,11959.24,120802.36,42178.72,165674.78
18,32,Asia,2020-01-31,124538.4,8725.92,33878.9,16733.19,47766.82
18,34,Asia,2020-02-29,193844.09,232.79,43964.9,28167.72,75809.79
18,35,Asia,2020-03-31,236153.2,9968.37,62154.74,30268.13,83452.18
18,32,Asia,2020-04-30,212858.08,12438.6,48675.41,39049.65,68583.95
18,33,Asia,2020-05-31,204117.1,6916.52,54330.89,39126.66,63924.19
18,36,Asia,2020-06-30,252321.54,4001.98,71144.1,43419.6,91371.35
18,30,Asia,2020-07-31,194510.27,12214.24,54122.32,25000.94,75334.57
18,33,Asia,2020-08-31,190747.57,12081.97,44825.26,31153.18,82258.86
18,35,Asia,2020-09-30,270638.98,10429.05,61121.14,36400.75,95325.83
18,31,Asia,2020-10-31,238773.47,16306.03,66578.31,25169.41,81306.85
18,33,Asia,2020-11-30,336198.92,22201.08,86921.87,59474.59,133088.37
18,31,Asia,2020-12-31,507060.79,21376.26,141321.87,58452.67,212976.57
18,32,Asia,2021-01-31,150863.65,3783.08,43827.48,29955.65,56418.88
18,30,Asia,2021-02-28,220590.44,14438.28,46930.36,38175.31,68015.96
18,36,Asia,2021-03-31,299354.4,13915.03,75428.73,35262.99,96627.59
18,35,Asia,2021-04-30,168765.78,2539.28,47352.55,19617.15,53275.22
18,36,Asia,2021-05-31,228073.59,2611.01,50615.17,44057.21,68562.61
18,36,Asia,2021-06-30,335635.33,698.61,89564.78,50016.68,129964.46
18,36,Asia,2021-07-31,233680.02,26992.79,53774.34,40531.44,83671.79
18,32,Asia,2021-08-31,226777.67,25094.2,47864.29,42008.99,81688.61
18,31,Asia,2021-09-30,387916.41,25665.34,90486.53,73682.66,106490.19
18,36,Asia,2021-10-31,235360.66,16553.38,49431.73,41806.45,80993.29
18,31,Asia,2021-11-30,372812.67,17512.63,70058.29,45733.73,143271.89
18,35,Asia,2021-12-31,552544.3,3681.31,125222.54,101742.84,215884.96
18,32,Asia,2022-01-31,128026.43,7564.27,35610.97,14048.45,44309.01
18,33,Asia,2022-02-28,200422.18,8964.09,47984.99,34454.96,75388.4
18,35,Asia,2022-03-31,334459.38,2310.96,84491.38,34732.69,102070.21
18,30,Asia,2022-04-30,223743.59,16023.05,48859.86,40381.26,76039.55
18,35,Asia,2022-05-31,276525.85,2943.57,77369.71,38413.03,94023.01
18,32,Asia,2022-06-30,355265.08,27815.25,115744.64,55752.83,127180.19
18,36,Asia,2022-07-31,241784.66,17832.28,54946.34,29290.41,71227.06
18,34,Asia,2022-08-31,270731.11,4039.77,65436.77,35457.28,85716.62
18,36,Asia,2022-09-30,353538.99,5775.9,90511.22,43875.7,115058.27
18,33,Asia,2022-10-31,331019.27,8233.56,84424.21,56034.92,104794.82
18,35,Asia,2022-11-30,459159.47,4939.64,138530.7,44184.35,175944.24
18,31,Asia,2022-12-31,539437.44,28076.14,126266.79,53528.55,226239.42
19,42,Europe,2018-01-31,84800.11,15959.15,19275.17,13792.31,32460.93
19,37,Europe,2018-02-28,163801.01,14384.42,41310.6,18989.38,51780.62
19,44,Europe,2018-03-31,195040.84,9957.19,42721.8,23116.43,57077.78
19,40,Europe,2018-04-30,166049.37,182.5,31510.94,27377.86,52283.41
19,45,Europe,2018-05-31,193468.09,1669.16,44164.78,27913.13,66209.67
19,43,Europe,2018-06-30,215108.95,29246.18,60147.73,39508.18,78878.38
19,38,Europe,2018-07-31,200057.02,26516.77,56747.14,40058.13,85145.54
19,37,Europe,2018-08-31,155459.25,29382.62,36251.47,30268.34,59392.12
19,41,Europe,2018-09-30,260267.34,11378.96,72444.86,33839.69,74536.94
19,43,Europe,2018-10-31,245919.38,27738.38,49558.31,25155.06,84834.34
19,39,Europe,2018-11-30,252341.76,25330.96,71983.35,45860.04,109111.65
19,41,Europe,2018-12-31,353008.1,5886.47,82397.79,69624.56,100569.21
19,37,Europe,2019-01-31,105034.84,18677.81,29853.23,14520.17,38195.17
19,41,Europe,2019-02-28,168388.47,3214.7,40181.58,29948.51,56863.51
19,42,Europe,2019-03-31,253504.66,21231.08,72575.58,27702.22,94604.14
19,39,Europe,2019-04-30,140402.2,7269.89,29728.8,16751.24,50600.49
19,45,Europe,2019-05-31,223810.61,6742.92,54811.77,29219.06,70558.62
19,42,Europe,2019-06-30,305480.92,24196.88,62286.75,51393.91,108961.48
19,42,Europe,2019-07-31,221939.46,16316.81,57097.3,25870.62,87582.2
19,39,Europe,2019-08-31,230633.89,13598.99,62357.65,37774.47,84883.73
19,40,Europe,2019-09-30,294371.36,26974.36,79919.63,41102.94,113625.45
19,45,Europe,2019-10-31,262541.4,17361.02,56352.29,27422.06,99106.08
19,43,Europe,2019-11-30,269219.27,12537.53,74682.87,38168.77,94398.18
19,43,Europe,2019-12-31,430582.47,18767.69,92026.47,47282.49,161996.42
19,39,Europe,2020-01-31,131781.72,19025.7,26396.81,22794.26,51214.26
19,38,Europe,2020-02-29,192806.43,12205.92,61438.95,36446.43,61076.84
19,40,Europe,2020-03-31,212766.14,3331.57,44159.78,38515.86,90148.87
19,42,Europe,2020-04-30,202859.79,10469.85,57482.25,22134.3,68709.73
19,42,Europe,2020-05-31,190529.28,23869.24,39956.17,23537.13,62440.97
19,41,Europe,2020-06-30,261070.92,25567.1,63618.23,37557.08,91767.62
19,42,Europe,2020-07-31,243139.59,22101.67,61120.48,36860.95,73161.48
19,38,Europe,2020-08-31,183006.15,11750.84,44886.8,27232.89,73841.94
19,42,Europe,2020-09-30,253506.61,13397.98,54367.15,37982.27,101578.92
19,43,Europe,2020-10-31,207875.78,18165.88,58621.21,32967.3,78961.24
19,43,Europe,2020-11-30,412746.94,19174.34,98085.72,64401.66,150945.0
19,41,Europe,2020-12-31,442983.77,24170.54,107510.71,68900.67,154586.98
19,38,Europe,2021-01-31,104654.82,26946.71,28861.73,19040.77,39080.76
19,37,Europe,2021-02-28,195599.44,3832.28,49544.05,23952.37,59953.16
19,44,Europe,2021-03-31,259711.84,13998.62,72555.42,30449.75,88478.75
19,42,Europe,2021-04-30,236004.8,23154.29,64904.98,38222.47,74221.78
19,37,Europe,2021-05-31,268791.17,15321.4,58466.39,34319.19,112605.64
19,42,Europe,2021-06-30,375329.77,17874.23,105387.4,56533.11,151065.19
19,37,Europe,2021-07-31,262410.56,11142.51,57701.15,43880.82,102204.35
19,37,Europe,2021-08-31,194054.35,2340.96,56237.13,29613.29,80054.46
19,42,Europe,2021-09-30,408051.78,6416.87,92186.34,43335.03,134884.92
19,37,Europe,2021-10-31,248206.02,26736.88,58308.86,34178.65,94376.69
19,40,Europe,2021-11-30,375629.21,29675.38,79000.1,56869.42,148306.42
19,41,Europe,2021-12-31,462739.76,13859.99,122493.24,54230.55,152273.51
19,40,Europe,2022-01-31,144892.54,6029.22,33946.55,20806.03,49368.25
19,39,Europe,2022-02-28,176724.51,5347.03,39392.94,19531.58,63838.59
19,38,Europe,2022-03-31,265336.23,19857.53,68110.65,28793.99,103701.58
19,43,Europe,2022-04-30,192604.11,9815.75,50878.75,26718.9,70889.75
19,45,Europe,2022-05-31,225951.24,9794.18,57239.58,24906.48,92453.47
19,37,Europe,2022-06-30,345511.1,11100.11,80267.02,69454.94,137000.41
19,42,Europe,2022-07-31,278927.49,2746.05,75779.56,43560.55,87178.01
19,45,Europe,2022-08-31,302241.99,3598.69,79583.28,41400.55,102944.26
19,38,Europe,2022-09-30,370781.9,12336.82,95640.67,45751.57,109192.48
19,38,Europe,2022-10-31,302705.72,8102.87,68781.75,31465.43,117721.95
19,42,Europe,2022-11-30,479006.49,19970.21,129352.79,71915.16,188866.76
19,40,Europe,2022-12-31,602803.82,16868.48,166775.43,84847.09,214205.14
20,5,Europe,2018-01-31,103666.75,379.73,20745.83,16753.57,33059.5
20,5,Europe,2018-02-28,132609.2,19598.15,27670.61,17980.46,43611.48
20,5,Europe,2018-03-31,169925.65,2360.51,39220.8,30425.58,55831.93
20,5,Europe,2018-04-30,162540.27,25833.91,41727.33,18856.68,53797.6
20,5,Europe,2018-05-31,190771.27,26439.75,51091.84,36659.94,60559.63
20,5,Europe,2018-06-30,283832.22,1785.79,77834.98,29574.53,104086.75
20,5,Europe,2018-07-31,172349.35,1047.18,46450.16,25905.1,56189.68
20,5,Europe,2018-08-31,164205.01,7907.19,37837.86,31194.46,66625.06
20,5,Europe,2018-09-30,258747.91,2259.64,53112.45,44376.0,85007.32
20,5,Europe,2018-10-31,212485.38,11652.82,64676.35,33093.68,82551.28
20,5,Europe,2018-11-30,242502.08,7832.0,50636.19,42925.82,82400.72
20,5,Europe,2018-12-31,418062.44,25789.32,116552.19,48819.62,149844.53
20,5,Europe,2019-01-31,120480.44,14703.58,25513.38,12091.49,44516.83
20,5,Europe,2019-02-28,160391.18,22392.58,42352.11,26086.9,59297.08
20,5,Europe,2019-03-31,196897.19,20801.85,54967.21,27212.53,59988.75
20,5,Europe,2019-04-30,184678.95,235.35,47863.0,34246.13,62190.59
20,5,Europe,2019-05-31,186161.85,25077.72,46954.05,22600.83,58723.79
20,5,Europe,2019-06-30,266799.15,22595.99,58101.27,49197.89,104880.74
20,5,Europe,2019-07-31,177938.85,15638.12,53883.06,28750.38,57492.14
20,5,Europe,2019-08-31,203920.31,24419.52,59240.01,35805.91,59585.98
20,5,Europe,2019-09-30,263537.02,22635.7,67148.58,31854.06,101294.92
20,5,Europe,2019-10-31,202874.49,5028.43,49819.88,28763.75,66427.15
20,5,Europe,2019-11-30,267939.1,16808.1,58071.16,55356.67,111207.96
20,5,Europe,2019-12-31,428712.93,9181.78,88855.16,54152.16,154564.61
20,5,Europe,2020-01-31,124254.9,27695.28,34064.05,19408.16,48031.34
20,5,Europe,2020-02-29,151619.89,22500.46,30592.28,19441.15,41822.98
20,5,Europe,2020-03-31,276135.43,11199.46,73832.53,34312.66,90354.2
20,5,Europe,2020-04-30,202983.11,16371.09,51834.12,40992.69,68456.15
20,5,Europe,2020-05-31,205140.72,14035.14,52235.4,24081.08,83405.24
20,5,Europe,2020-06-30,265241.62,7511.19,73971.75,47286.89,78266.78
20,5,Europe,2020-07-31,190256.21,23747.22,59869.93,26793.54,77814.52
20,5,Europe,2020-08-31,225380.89,1741.39,64717.95,22480.9,82995.75
20,5,Europe,2020-09-30,328910.63,8620.61,76785.77,39280.58,106372.48
20,5,Europe,2020-10-31,247550.55,15380.52,54327.44,41722.94,73108.37
20,5,Europe,2020-11-30,285651.09,11264.92,58765.98,37996.33,87037.05
20,5,Europe,2020-12-31,527825.75,12017.86,117375.51,66468.52,189169.62
20,5,Europe,2021-01-31,118481.58,28294.89,32291.92,12613.09,44806.21
20,5,Europe,2021-02-28,183235.9,6236.65,48412.71,28780.2,69391.78
20,5,Europe,2021-03-31,252873.66,15642.66,71467.05,35007.51,83800.81
20,5,Europe,2021-04-30,188508.34,2260.65,57622.22,27302.82,64275.16
20,5,Europe,2021-05-31,261683.52,16589.27,63031.98,28047.17,88024.12
20,5,Europe,2021-06-30,356873.18,15529.44,71266.86,70518.24,129455.47
20,5,Europe,2021-07-31,190036.28,26588.87,46307.81,20124.24,74210.52
20,5,Europe,2021-08-31,264931.6,26703.16,62443.71,55773.48,105866.8
20,5,Europe,2021-09-30,357119.88,1678.97,88192.93,72685.85,113119.51
20,5,Europe,2021-10-31,268459.03,15583.58,75144.71,48667.24,89681.04
20,5,Europe,2021-11-30,413546.74,16741.47,81353.07,50058.14,122774.76
20,5,Europe,2021-12-31,441364.23,9300.66,102320.58,53069.65,183428.13
20,5,Europe,2022-01-31,128370.45,12622.81,33651.0,27854.79,45013.79
20,5,Europe,2022-02-28,238614.52,5983.88,51440.47,30254.23,77461.74
20,5,Europe,2022-03-31,331637.6,24450.23,70303.43,59627.7,114835.18
20,5,Europe,2022-04-30,186709.68,15344.6,42273.41,39055.88,56268.01
20,5,Europe,2022-05-31,203140.49,27260.78,49967.14,23759.1,65620.0
20,5,Europe,2022-06-30,341164.17,1296.41,98807.92,31302.1,139774.86
20,5,Europe,2022-07-31,301011.01,4828.11,68801.9,44118.38,119537.93
20,5,Europe,2022-08-31,290636.04,16201.97,75316.12,62673.66,107760.57
20,5,Europe,2022-09-30,293848.26,1200.59,62148.59,33875.29,94120.56
20,5,Europe,2022-10-31,240998.71,20218.33,65156.92,34300.38,90061.65
20,5,Europe,2022-11-30,463332.06,12780.02,134334.43,54737.24,179079.94
20,5,Europe,2022-12-31,626258.76,17376.6,115939.86,105748.67,195874.62
21,63,South America,2018-01-31,108634.0,22859.09,22218.15,10883.74,36399.44
21,70,South America,2018-02-28,135608.59,1869.53,35707.63,16452.61,51952.46
21,70,South America,2018-03-31,206932.45,24128.43,60918.41,22606.3,79205.21
21,66,South America,2018-04-30,171602.39,8664.5,47040.27,22372.45,51443.99
21,73,South America,2018-05-31,158203.49,15125.3,35884.24,22180.43,51613.19
21,61,South America,2018-06-30,249679.82,24646.21,68955.14,46705.2,78916.53
21,70,South America,2018-07-31,187830.62,24748.15,43176.56,31303.14,55463.26
21,70,South America,2018-08-31,210724.34,18946.6,44237.57,32912.59,67873.23
21,70,South America,2018-09-30,318071.23,23517.5,64699.28,41948.27,100315.0
21,69,South America,2018-10-31,223874.24,4370.48,47165.11,31337.69,85461.25
21,61,South America,2018-11-30,301401.7,299.13,74213.48,37304.44,98860.01
21,71,South America,2018-12-31,353896.79,29732.56,74588.31,41560.39,104861.65
21,68,South America,2019-01-31,120857.9,9764.07,27373.38,14589.3,39598.11
21,69,South America,2019-02-28,161753.43,19256.19,37566.61,23411.05,57836.76
21,69,South America,2019-03-31,194250.56,10586.34,55568.05,25815.48,67785.31
21,68,South America,2019-04-30,150822.39,15975.45,43887.06,26740.83,45074.59
21,69,South America,2019-05-31,183510.78,17103.1,41559.83,28949.58,70960.6
21,73,South America,2019-06-30,334725.56,15381.7,84784.7,53799.83,102888.98
21,69,South America,2019-07-31,196202.33,21962.95,43378.72,31717.28,78163.68
21,68,South America,2019-08-31,214998.86,24967.85,50334.89,27721.78,79142.82
21,65,South America,2019-09-30,269501.91,11782.51,64330.41,40919.79,87678.3
21,64,South America,2019-10-31,215756.51,5930.94,57946.64,42202.73,63605.39
21,68,South America,2019-11-30,264961.0,29921.43,67371.1,35017.64,83547.36
21,70,South America,2019-12-31,442455.79,22126.15,118143.51,59024.57,174530.46
21,62,South America,2020-01-31,123223.9,26980.18,34871.53,24668.32,37646.66
21,72,South America,2020-02-29,171142.41,26173.67,34135.08,26898.75,51396.42
21,70,South America,2020-03-31,200015.47,5298.41,54422.62,26211.6,76252.52
21,62,South America,2020-04-30,180758.08,16965.02,51143.17,31457.4,54274.95
21,62,South America,2020-05-31,184823.42,27519.09,50154.79,26879.02,65483.52
21,62,South America,2020-06-30,282700.19,21440.31,75312.28,36760.5,98334.85
21,66,South America,2020-07-31,200462.79,15618.67,42339.81,29322.28,68509.7
21,68,South America,2020-08-31,194406.27,11311.06,59872.57,25294.32,73480.2
21,62,South America,2020-09-30,366489.94,5159.11,114007.03,35713.2,124907.05
21,68,South America,2020-10-31,240831.63,22586.08,58866.39,36420.88,86183.78
21,68,South America,2020-11-30,317701.85,10015.26,80688.89,35487.49,130378.43
21,63,South America,2020-12-31,539347.03,25954.48,155471.79,101768.29,188077.21
21,65,South America,2021-01-31,112705.99,7966.07,34207.49,12385.54,41648.09
21,71,South America,2021-02-28,176244.58,15169.97,36610.58,20928.29,66945.65
21,73,South America,2021-03-31,262801.62,28372.14,52537.66,34488.5,100811.83
21,70,South America,2021-04-30,162110.42,28385.93,37010.87,32104.77,55168.86
21,64,South America,2021-05-31,194433.65,27457.56,38843.26,41083.36,75767.41
21,66,South America,2021-06-30,303578.6,1341.31,82343.18,33098.02,120015.43
21,68,South America,2021-07-31,270209.54,3047.16,61583.92,41928.04,93524.65
21,70,South America,2021-08-31,249035.76,1008.29,51974.73,33135.52,88407.1
21,71,South America,2021-09-30,335637.29,28597.65,76967.29,59445.5,125013.29
21,66,South America,2021-10-31,230962.69,29855.15,58066.3,28068.63,69404.31
21,71,South America,2021-11-30,448005.2,5091.4,99471.97,77963.39,159436.16
21,73,South America,2021-12-31,522818.91,18180.3,100820.27,100827.87,166327.2
21,63,South America,2022-01-31,120285.47,11344.64,25935.86,16523.78,51321.95
21,68,South America,2022-02-28,214079.04,24796.67,51730.42,20909.25,69424.54
21,70,South America,2022-03-31,278112.4,12238.06,71375.8,29504.22,97396.34
21,73,South America,2022-04-30,248184.31,16298.34,70867.83,36070.67,89228.75
21,72,South America,2022-05-31,256599.95,19318.27,62548.85,37535.84,83400.94
21,68,South America,2022-06-30,329302.33,17741.18,92033.27,40982.88,117867.85
21,70,South America,2022-07-31,264803.84,20633.19,60986.53,42733.66,90624.68
21,62,South America,2022-08-31,296044.69,27781.86,94832.96,45706.59,96173.43
21,62,South America,2022-09-30,417929.26,25310.05,86571.18,53344.5,141283.04
21,70,South America,2022-10-31,288926.02,10906.69,69163.81,42263.35,115689.3
21,66,South America,2022-11-30,467500.1,12906.08,109837.52,56845.65,176294.16
21,73,South America,2022-12-31,449271.77,23559.95,97898.09,59653.3,160916.9
22,65,North America,2018-01-31,112340.53,26840.03,22567.91,11645.57,40405.79
22,69,North America,2018-02-28,144533.48,26692.73,34837.87,16836.42,43448.74
22,68,North America,2018-03-31,210575.17,7627.57,47750.58,24348.18,85498.69
22,58,North America,2018-04-30,136029.32,1770.31,33665.7,14315.03,38283.37
22,66,North America,2018-05-31,216486.69,11869.4,43244.85,21621.31,89073.25
22,63,North America,2018-06-30,247723.06,765.72,53118.97,39111.13,79450.56
22,67,North America,2018-07-31,219398.22,2887.52,47486.63,26617.8,76553.41
22,67,North America,2018-08-31,215859.25,24987.05,55939.52,36893.43,81344.6
22,62,North America,2018-09-30,246320.65,19295.36,67328.92,28843.76,75395.22
22,63,North America,2018-10-31,183991.7,15218.19,50809.7,28583.42,52328.65
22,65,North America,2018-11-30,268477.79,20500.82,80214.12,38547.34,108436.12
22,61,North America,2018-12-31,344621.13,24408.84,94167.82,58842.99,123483.4
22,69,North America,2019-01-31,119235.43,17466.03,32282.49,23884.75,43375.87
22,67,North America,2019-02-28,162714.48,5193.76,37488.52,31049.28,61774.56
22,63,North America,2019-03-31,245187.08,721.16,72613.21,24578.67,101087.5
22,67,North America,2019-04-30,163980.64,25848.98,37903.12,33508.64,49797.96
22,67,North America,2019-05-31,185992.34,5693.37,52435.48,18493.64,62811.76
22,64,North America,2019-06-30,266635.36,10888.16,54978.9,44323.76,109553.05
22,61,North America,2019-07-31,235922.25,22866.98,50156.34,47132.62,81124.7
22,66,North America,2019-08-31,211496.49,1205.96,51200.41,24232.57,84116.19
22,69,North America,2019-09-30,248799.76,19791.84,50253.42,42510.36,78150.12
22,68,North America,2019-10-31,234806.18,11965.1,69685.44,33181.64,70224.72
22,68,North America,2019-11-30,384190.7,21738.32,108922.61,74182.93,143236.13
22,64,North America,2019-12-31,491201.74,579.13,112223.07,84582.0,177012.1
22,59,North America,2020-01-31,120644.3,4919.64,28779.51,16858.04,40581.99
22,66,North America,2020-02-29,188060.46,25900.35,38289.21,29070.77,68447.41
22,57,North America,2020-03-31,285575.55,3312.43,81216.73,30113.81,106183.78
22,65,North America,2020-04-30,209269.9,14758.21,55042.77,41652.5,78489.81
22,65,North America,2020-05-31,248665.15,28924.37,58083.68,33198.77,89608.19
22,65,North America,2020-06-30,348346.32,9906.37,69253.2,48967.15,135835.51
22,69,North America,2020-07-31,191354.8,13648.05,44754.0,22537.57,61445.21
22,67,North America,2020-08-31,187295.55,14521.38,51790.45,38458.3,72339.7
22,62,North America,2020-09-30,291773.97,23489.54,55118.73,36136.33,105951.41
22,62,North America,2020-10-31,214814.77,28147.06,54762.53,26312.65,67943.23
22,63,North America,2020-11-30,373528.45,10687.45,104973.7,46924.03,135812.9
22,58,North America,2020-12-31,413321.5,7451.9,101970.48,56118.64,138886.48
22,67,North America,2021-01-31,140669.83,16120.73,32204.53,23416.94,50157.04
22,66,North America,2021-02-28,157769.94,7426.75,36833.86,28306.05,64827.46
22,58,North America,2021-03-31,221962.17,2777.28,64847.13,38018.13,71737.83
22,63,North America,2021-04-30,169066.28,24462.88,43588.74,33556.29,57955.71
22,64,North America,2021-05-31,279586.13,18067.38,79315.2,37355.44,108938.27
22,57,North America,2021-06-30,352499.37,12601.88,80767.23,52990.56,133762.93
22,57,North America,2021-07-31,240256.23,6666.22,60032.51,45197.01,74136.89
22,58,North America,2021-08-31,256901.43,1164.14,74319.99,30310.94,91157.61
22,57,North America,2021-09-30,307485.4,14655.55,76276.97,60757.2,124825.66
22,64,North America,2021-10-31,295698.38,21143.61,67048.41,54735.04,103788.82
22,69,North America,2021-11-30,345705.67,15293.31,91774.05,39656.03,125433.05
22,66,North America,2021-12-31,521451.35,5261.66,155577.98,60960.15,213804.06
22,58,North America,2022-01-31,128679.6,28493.98,39365.21,14212.38,41787.66
22,69,North America,2022-02-28,183050.18,25048.63,52229.17,22310.68,62252.56
22,67,North America,2022-03-31,249773.8,5611.71,71793.47,40672.76,100501.8
22,57,North America,2022-04-30,229938.47,2091.23,62178.8,37108.9,85881.34
22,57,North America,2022-05-31,207980.89,6752.75,38816.17,32158.15,70644.35
22,64,North America,2022-06-30,356927.37,19606.95,103695.25,62144.49,140449.79
22,60,North America,2022-07-31,276495.87,590.68,79156.59,50323.99,91667.6
22,57,North America,2022-08-31,290038.56,25914.3,65062.75,36901.78,88589.11
22,62,North America,2022-09-30,328608.43,9200.06,91389.53,51737.86,93637.53
22,60,North America,2022-10-31,331307.49,21294.89,63499.24,37074.27,105010.05
22,64,North America,2022-11-30,370664.84,10557.15,102653.88,42218.61,120563.56
22,66,North America,2022-12-31,544570.0,15715.29,119128.14,87023.28,229392.65
23,23,Asia,2018-01-31,94894.65,11147.19,24692.1,15514.84,28874.39
23,22,Asia,2018-02-28,181493.51,10917.59,39416.17,18167.54,78205.9
23,24,Asia,2018-03-31,180142.86,26672.89,38336.17,25463.51,67187.43
23,22,Asia,2018-04-30,148747.87,26438.64,34854.86,14791.36,46081.46
23,25,Asia,2018-05-31,159837.79,9849.26,45789.14,19058.91,51713.5
23,23,Asia,2018-06-30,244375.25,13536.16,64296.53,25491.63,92756.71
23,22,Asia,2018-07-31,215535.11,18918.25,59784.92,27265.69,62330.19
23,26,Asia,2018-08-31,215568.0,28150.12,56550.34,41828.14,81030.43
23,24,Asia,2018-09-30,251819.39,24790.78,70385.28,38251.12,81319.13
23,22,Asia,2018-10-31,191729.43,19354.11,55673.45,33904.47,60784.05
23,24,Asia,2018-11-30,319327.34,22635.88,78862.74,34221.78,117861.35
23,22,Asia,2018-12-31,387176.79,19784.71,97114.57,69388.37,136417.22
23,22,Asia,2019-01-31,117911.38,7891.13,28618.45,14942.59,45006.03
23,26,Asia,2019-02-28,198538.44,15654.99,39016.52,24076.18,69822.17
23,22,Asia,2019-03-31,182740.51,12691.76,52032.92,21184.24,68992.98
23,26,Asia,2019-04-30,191364.52,28079.22,44394.69,24344.05,53635.94
23,23,Asia,2019-05-31,192308.14,15317.09,55033.38,34738.74,67584.85
23,26,Asia,2019-06-30,317114.19,14782.47,81132.12,51394.57,90767.66
23,22,Asia,2019-07-31,164636.0,19597.74,49242.62,29893.36,49216.85
23,22,Asia,2019-08-31,195328.66,20977.28,50627.71,36524.78,70970.17
23,26,Asia,2019-09-30,305072.84,24670.91,70351.82,46826.94,109756.86
23,25,Asia,2019-10-31,252347.18,6514.66,72219.89,41868.43,84683.72
23,23,Asia,2019-11-30,332320.43,19461.66,87876.37,58227.3,93731.93
23,23,Asia,2019-12-31,461301.37,12153.78,95314.39,84343.83,146648.93
23,24,Asia,2020-01-31,128430.13,23605.23,29413.5,18325.52,47093.08
23,23,Asia,2020-02-29,153990.22,27655.61,38451.3,25220.09,50729.41
23,24,Asia,2020-03-31,233515.49,24229.86,48253.31,33558.24,83912.87
23,26,Asia,2020-04-30,160964.74,10303.33,36536.5,23340.98,53166.99
23,26,Asia,2020-05-31,253019.33,27972.83,49582.31,47823.29,95839.96
23,23,Asia,2020-06-30,271695.09,3085.47,77408.39,39951.45,102034.0
23,24,Asia,2020-07-31,223207.62,3167.48,51653.06,31026.59,80230.16
23,26,Asia,2020-08-31,243240.86,14929.36,61342.8,49738.22,71239.67
23,25,Asia,2020-09-30,377661.91,5979.72,108296.35,75304.04,137383.48
23,25,Asia,2020-10-31,205723.12,14391.0,59484.98,37534.31,72880.48
23,24,Asia,2020-11-30,407943.02,15709.79,122460.68,61444.8,129265.85
23,23,Asia,2020-12-31,414096.96,5600.52,123029.84,75538.88,144212.56
23,26,Asia,2021-01-31,119095.47,24841.65,25825.77,18208.2,40556.73
23,23,Asia,2021-02-28,228104.92,8807.57,41418.58,33386.11,72710.31
23,23,Asia,2021-03-31,224555.08,15230.51,64268.95,30111.28,84202.97
23,23,Asia,2021-04-30,215429.17,15382.41,60918.09,34694.79,79482.92
23,26,Asia,2021-05-31,250441.67,26753.75,57865.76,41534.36,74587.23
23,26,Asia,2021-06-30,335709.3,19372.95,86204.39,54113.1,119271.59
23,23,Asia,2021-07-31,258170.96,1285.12,64003.38,34158.17,92307.07
23,26,Asia,2021-08-31,274197.37,5980.22,50294.69,56324.44,95016.4
23,23,Asia,2021-09-30,337106.7,12595.16,89075.74,37587.73,132189.5
23,25,Asia,2021-10-31,306982.29,2264.34,76695.4,33029.86,86062.93
23,23,Asia,2021-11-30,335541.77,21464.53,77688.17,47851.83,119707.16
23,25,Asia,2021-12-31,569498.0,9775.06,126333.55,101677.93,200710.89
23,25,Asia,2022-01-31,163577.65,16053.2,34301.04,31239.18,52344.77
23,26,Asia,2022-02-28,216427.78,10132.67,59548.94,40203.97,78671.13
23,25,Asia,2022-03-31,334579.7,28757.22,99354.83,33704.02,116776.67
23,26,Asia,2022-04-30,238024.51,9973.43,72630.67,32821.73,70715.24
23,22,Asia,2022-05-31,240985.85,28165.79,53798.18,38678.98,88435.48
23,23,Asia,2022-06-30,397267.3,21867.41,111527.42,60459.97,147889.8
23,25,Asia,2022-07-31,257140.85,15324.28,74811.16,38608.83,104463.58
23,22,Asia,2022-08-31,263373.3,7124.07,66126.24,45070.89,79528.05
23,25,Asia,2022-09-30,402856.19,16880.0,93581.19,72611.84,155979.41
23,25,Asia,2022-10-31,307274.12,29718.84,67555.81,32571.64,123256.05
23,23,Asia,2022-11-30,386860.77,5437.75,103080.8,43866.2,149772.69
23,24,Asia,2022-12-31,552456.44,28425.69,142593.09,85277.87,196473.46
24,38,South America,2018-01-31,116133.64,254.58,33929.62,16465.34,44875.38
24,37,South America,2018-02-28,127634.66,9566.32,33508.17,12402.65,42811.73
24,39,South America,2018-03-31,200755.14,25740.41,48769.35,39247.44,82210.63
24,34,South America,2018-04-30,142482.65,28012.33,37990.88,29357.82,58165.16
24,39,South America,2018-05-31,199761.62,28150.95,40451.97,33444.03,72713.05
24,37,South America,2018-06-30,250727.93,12933.19,57913.8,36093.71,84922.21
24,34,South America,2018-07-31,150480.22,5879.36,35793.0,21552.37,63835.62
24,37,South America,2018-08-31,154455.98,8136.61,36453.02,17583.85,48287.84
24,37,South America,2018-09-30,285175.1,12710.71,74275.4,49607.95,83778.3
24,37,South America,2018-10-31,239509.08,26747.42,52975.31,36467.81,81740.81
24,37,South America,2018-11-30,286144.77,23866.9,67727.18,42407.07,96024.2
24,34,South America,2018-12-31,428858.35,6281.44,96539.82,57867.04,160488.89
24,38,South America,2019-01-31,88261.44,1431.25,19432.93,16537.66,37225.01
24,34,South America,2019-02-28,139885.65,13734.41,44943.29,24659.96,58972.47
24,37,South America,2019-03-31,242326.14,12683.47,64936.31,27700.7,92378.49
24,34,South America,2019-04-30,186154.62,19235.99,50369.6,23481.15,73250.93
24,33,South America,2019-05-31,225168.18,28094.3,48988.41,24391.09,73299.67
24,33,South America,2019-06-30,269678.65,22569.33,72844.23,40937.96,81577.74
24,33,South America,2019-07-31,191208.87,11821.79,52288.29,34751.57,77711.05
24,35,South America,2019-08-31,229708.9,20929.04,59705.63,31163.33,82241.47
24,33,South America,2019-09-30,270483.66,18983.12,65760.28,48591.68,89033.45
24,39,South America,2019-10-31,281378.65,20961.81,74806.06,32601.62,90341.39
24,34,South America,2019-11-30,323478.5,20070.33,67040.88,62985.31,97469.32
24,33,South America,2019-12-31,415107.35,1729.28,87765.88,83621.11,129963.26
24,34,South America,2020-01-31,113054.57,10146.3,28251.25,15348.67,33241.8
24,33,South America,2020-02-29,161507.28,18665.93,34722.96,29550.56,51001.86
24,39,South America,2020-03-31,255527.62,15387.89,67612.87,28650.92,72299.0
24,33,South America,2020-04-30,180168.18,120.76,36990.58,28338.77,70263.6
24,36,South America,2020-05-31,209221.64,27779.75,41558.91,42233.76,75649.46
24,37,South America,2020-06-30,277070.05,7552.33,67735.93,42624.05,88030.61
24,35,South America,2020-07-31,209908.84,23564.74,60234.68,31991.96,71903.77
24,38,South America,2020-08-31,240809.35,8539.66,59887.5,40469.31,88940.32
24,33,South America,2020-09-30,272521.07,12017.68,59524.21,36385.19,94882.97
24,36,South America,2020-10-31,220698.38,2297.59,69276.29,28911.49,83369.22
24,36,South America,2020-11-30,290854.98,23927.98,89376.76,56114.16,104841.74
24,35,South America,2020-12-31,367904.3,9772.8,86163.96,50135.9,135653.08
24,33,South America,2021-01-31,114096.43,14312.0,25996.65,14765.18,43621.66
24,34,South America,2021-02-28,218968.52,22517.92,67733.11,32511.11,86434.48
24,34,South America,2021-03-31,217988.15,15257.34,64996.09,29215.63,67777.3
24,34,South America,2021-04-30,166510.06,5722.51,39366.78,22331.96,61337.52
24,37,South America,2021-05-31,256818.87,18614.06,65781.77,38725.41,84885.11
24,34,South America,2021-06-30,317219.41,28158.01,75891.35,55266.64,110031.32
24,36,South America,2021-07-31,222677.39,19189.33,53514.09,24019.04,69556.92
24,34,South America,2021-08-31,284272.82,10918.17,80782.42,48531.71,100685.55
24,36,South America,2021-09-30,400464.12,23663.23,80211.39,52156.98,157361.66
24,38,South America,2021-10-31,265736.78,8999.74,72019.85,46084.46,94144.27
24,33,South America,2021-11-30,329985.89,11830.22,73588.15,38005.1,119276.71
24,38,South America,2021-12-31,566521.82,15816.74,143916.28,62126.58,208511.5
24,39,South America,2022-01-31,153337.44,22032.15,36790.88,29237.27,48645.28
24,34,South America,2022-02-28,236145.96,22539.22,73697.13,36219.61,85877.98
24,36,South America,2022-03-31,235250.49,382.17,64506.08,34958.99,83594.1
24,34,South America,2022-04-30,243074.14,22407.11,54879.78,39852.64,76197.49
24,35,South America,2022-05-31,213762.31,19168.37,52055.71,32439.21,85790.55
24,34,South America,2022-06-30,367092.96,21079.18,96751.76,56106.7,128390.85
24,35,South America,2022-07-31,275906.46,10106.46,79003.9,33505.69,97957.78
24,38,South America,2022-08-31,206826.74,16961.55,41798.27,30005.78,75882.93
24,33,South America,2022-09-30,372623.81,17319.19,95140.06,42193.56,123549.69
24,37,South America,2022-10-31,322034.19,7557.25,95310.39,55776.19,110331.0
24,39,South America,2022-11-30,399328.96,26207.83,92564.87,42177.8,149861.94
24,39,South America,2022-12-31,588773.45,27332.55,130850.88,99396.56,207881.32
25,76,Asia,2018-01-31,105279.28,18473.69,25834.9,11406.51,39705.45
25,85,Asia,2018-02-28,123892.89,21537.43,37970.16,18507.53,53347.91
25,80,Asia,2018-03-31,218188.2,7585.09,55237.81,36367.5,69005.13
25,81,Asia,2018-04-30,156731.12,8554.69,42876.75,19516.3,46612.38
25,77,Asia,2018-05-31,180397.52,8292.32,40834.63,33484.48,51056.49
25,84,Asia,2018-06-30,269049.12,21971.85,72697.81,48117.1,98646.2
25,73,Asia,2018-07-31,161133.44,2055.78,45382.93,31874.67,51345.59
25,75,Asia,2018-08-31,161641.0,5087.58,39411.25,23784.01,54616.43
25,75,Asia,2018-09-30,313752.07,26756.05,67326.34,44038.53,102711.41
25,84,Asia,2018-10-31,195967.76,15915.18,46107.78,30817.57,59303.73
25,74,Asia,2018-11-30,292967.39,719.88,91139.78,37473.74,94350.28
25,87,Asia,2018-12-31,382987.7,1329.29,92402.15,51129.75,115295.0
25,80,Asia,2019-01-31,95386.67,289.99,24480.31,17220.37,34668.04
25,86,Asia,2019-02-28,165818.88,12497.92,41653.05,34340.24,51251.18
25,85,Asia,2019-03-31,214192.85,20407.97,59416.9,28819.29,68903.1
25,87,Asia,2019-04-30,144640.91,1666.31,33699.63,18311.55,49674.81
25,84,Asia,2019-05-31,225013.92,12245.79,56315.88,22583.91,78026.67
25,84,Asia,2019-06-30,291155.15,8881.9,61077.04,49202.2,93580.47
25,72,Asia,2019-07-31,163056.57,12189.82,50466.0,23593.89,60332.65
25,73,Asia,2019-08-31,171225.93,8451.49,43524.18,22342.27,68643.75
25,80,Asia,2019-09-30,272377.58,9586.47,73510.03,32367.56,94799.16
25,84,Asia,2019-10-31,228041.47,5705.34,60679.88,30309.73,84376.53
25,84,Asia,2019-11-30,261011.83,28008.5,60491.2,45752.44,87931.88
25,84,Asia,2019-12-31,392545.97,7207.37,113741.76,57723.05,137159.06
25,73,Asia,2020-01-31,125208.59,11804.42,36270.34,24708.8,41934.83
25,75,Asia,2020-02-29,214981.49,28800.98,50194.69,22006.94,77945.36
25,85,Asia,2020-03-31,231649.06,1339.8,60848.36,28339.78,85413.94
25,73,Asia,2020-04-30,149751.25,24597.51,42874.12,16646.76,53620.71
25,77,Asia,2020-05-31,194549.5,26270.98,61863.91,21888.0,71008.17
25,78,Asia,2020-06-30,296418.34,9289.66,67074.54,54610.88,92484.34
25,75,Asia,2020-07-31,188274.33,17008.51,60923.46,30797.36,65749.58
25,73,Asia,2020-08-31,191542.1,29627.57,35841.15,24959.47,54558.74
25,78,Asia,2020-09-30,262705.26,6098.69,62904.09,35641.27,90968.58
25,80,Asia,2020-10-31,260372.19,19264.01,68695.67,26425.77,101695.32
25,84,Asia,2020-11-30,400481.27,17159.48,115408.03,69338.9,159553.12
25,82,Asia,2020-12-31,488563.93,13171.59,120196.17,65366.17,189818.36
25,79,Asia,2021-01-31,144483.84,9849.37,42812.87,26003.89,49087.89
25,85,Asia,2021-02-28,193653.39,14086.64,53851.91,27682.15,66141.85
25,75,Asia,2021-03-31,250376.68,15201.35,60179.43,35854.17,95916.33
25,82,Asia,2021-04-30,236429.04,13545.36,63769.78,31222.38,85252.44
25,79,Asia,2021-05-31,270116.71,28937.41,53676.85,50317.71,117475.18
25,83,Asia,2021-06-30,293329.87,27804.49,69248.83,40140.43,91009.78
25,86,Asia,2021-07-31,245857.82,18257.15,46814.65,44047.91,94800.41
25,77,Asia,2021-08-31,218706.87,8015.54,65323.64,43252.22,72699.71
25,83,Asia,2021-09-30,390340.44,27287.07,103915.63,67988.84,140489.6
25,85,Asia,2021-10-31,258261.06,1027.64,76285.87,43810.04,93995.58
25,78,Asia,2021-11-30,420687.52,23355.43,89265.36,48209.74,142634.72
25,83,Asia,2021-12-31,467440.39,17795.75,94814.74,72048.53,148416.82
25,76,Asia,2022-01-31,166913.16,24136.76,43100.28,25457.7,57879.68
25,83,Asia,2022-02-28,208843.13,28142.38,42967.19,22610.75,78534.77
25,76,Asia,2022-03-31,332308.07,13569.43,101665.67,65230.69,111488.17
25,84,Asia,2022-04-30,185524.88,25587.99,34896.76,23525.15,57620.8
25,82,Asia,2022-05-31,274567.91,2623.5,78319.95,37237.15,101820.41
25,74,Asia,2022-06-30,342151.47,16937.52,96071.55,49677.01,118684.25
25,82,Asia,2022-07-31,220420.95,6358.77,68751.34,35676.11,82832.34
25,81,Asia,2022-08-31,268784.25,24111.16,67958.53,26146.11,86177.81
25,81,Asia,2022-09-30,331264.09,9769.34,71866.85,57310.33,118969.27
25,78,Asia,2022-10-31,255187.52,26478.55,57535.31,30084.8,93088.6
25,76,Asia,2022-11-30,366090.69,5811.48,76723.0,41548.83,135566.52
25,84,Asia,2022-12-31,477721.23,29485.16,111164.34,62216.57,134633.46
26,67,Asia,2018-01-31,103620.39,4550.19,23766.5,16661.22,34953.8
26,61,Asia,2018-02-28,151599.89,19513.15,40933.33,24935.65,48124.68
26,57,Asia,2018-03-31,205073.44,20498.3,41535.93,33308.64,84175.45
26,64,Asia,2018-04-30,159343.74,16017.37,42031.63,26582.74,55803.97
26,67,Asia,2018-05-31,194763.1,2795.66,39045.74,29996.13,60194.39
26,65,Asia,2018-06-30,260641.67,21556.0,73933.37,45170.09,88893.13
26,61,Asia,2018-07-31,159467.37,20920.74,34498.73,22384.99,48947.49
26,64,Asia,2018-08-31,169278.07,11339.64,36806.57,31106.89,65738.55
26,58,Asia,2018-09-30,290615.68,9029.6,69375.75,52543.66,110707.42
26,63,Asia,2018-10-31,186247.03,11853.75,36109.14,25594.83,66976.46
26,59,Asia,2018-11-30,323413.02,18361.41,70251.52,41751.09,107262.05
26,57,Asia,2018-12-31,372961.17,18756.25,92754.93,46475.52,123505.11
26,66,Asia,2019-01-31,102105.84,8237.15,27022.49,15358.22,38354.98
26,60,Asia,2019-02-28,174973.08,9489.66,54315.57,27455.61,51674.46
26,62,Asia,2019-03-31,216557.48,7265.42,60562.92,32578.25,76019.86
26,63,Asia,2019-04-30,145785.53,11491.15,35934.68,27410.91,48911.24
26,66,Asia,2019-05-31,173994.22,26044.4,51697.79,26393.92,69375.19
26,60,Asia,2019-06-30,262448.64,9738.52,72155.17,29343.64,88338.46
26,61,Asia,2019-07-31,203200.84,8076.3,57965.13,34449.02,65424.89
26,67,Asia,2019-08-31,191715.61,11397.29,58410.6,30952.9,74105.11
26,61,Asia,2019-09-30,267284.13,1732.99,68623.58,45475.34,108091.31
26,60,Asia,2019-10-31,206911.31,15696.54,48592.11,28396.61,69797.6
26,63,Asia,2019-11-30,351109.95,20210.96,97936.88,63505.74,121966.57
26,57,Asia,2019-12-31,456001.93,16999.68,101047.85,61094.42,150695.81
26,60,Asia,2020-01-31,102846.88,24370.65,31035.17,16930.79,33825.04
26,59,Asia,2020-02-29,213665.95,10755.98,48817.53,40427.07,85981.16
26,65,Asia,2020-03-31,211242.99,20592.33,43484.09,23245.44,81585.49
26,56,Asia,2020-04-30,158592.44,18828.74,45352.33,24227.88,61694.74
26,56,Asia,2020-05-31,242861.36,14917.72,61765.0,25618.33,75592.71
26,65,Asia,2020-06-30,281718.63,7313.08,82434.62,49468.29,87822.05
26,60,Asia,2020-07-31,204848.2,5864.5,50345.75,32483.22,68440.6
26,55,Asia,2020-08-31,226972.23,22182.34,61832.99,29283.65,85123.45
26,63,Asia,2020-09-30,335513.79,9716.88,94233.05,41859.69,104422.94
26,67,Asia,2020-10-31,267304.97,22875.77,79585.05,27773.33,82740.62
26,61,Asia,2020-11-30,318375.13,19150.63,66729.28,39887.07,118575.89
26,60,Asia,2020-12-31,397352.57,2789.34,81287.73,64141.07,143000.79
26,64,Asia,2021-01-31,135824.05,5797.08,37007.18,14577.89,46036.55
26,59,Asia,2021-02-28,215765.23,19833.4,54851.55,36896.49,72981.74
26,57,Asia,2021-03-31,300829.46,26836.74,58261.12,54584.0,117603.03
26,55,Asia,2021-04-30,190824.72,10914.06,40268.59,27809.47,68188.56
26,58,Asia,2021-05-31,275843.96,17508.37,58383.19,38219.69,81738.5
26,55,Asia,2021-06-30,309956.91,15200.32,90090.94,61958.75,116089.33
26,65,Asia,2021-07-31,257350.9,2120.05,65035.16,48535.7,94882.99
26,55,Asia,2021-08-31,238401.09,21273.31,48611.33,36494.45,69954.66
26,58,Asia,2021-09-30,277616.12,3201.45,85141.76,38222.19,102048.75
26,63,Asia,2021-10-31,230294.8,6068.42,70026.54,46051.16,91040.3
26,55,Asia,2021-11-30,427039.82,19874.95,105497.59,88380.39,134157.35
26,65,Asia,2021-12-31,523623.33,1030.89,132307.23,63210.83,173531.62
26,61,Asia,2022-01-31,140540.65,21510.45,33607.76,21158.7,55225.09
26,64,Asia,2022-02-28,221500.03,2741.14,58076.98,38902.27,88522.77
26,61,Asia,2022-03-31,257633.46,8508.09,67428.08,32453.86,75024.27
26,56,Asia,2022-04-30,231202.46,19854.88,52268.95,41677.43,88394.68
26,67,Asia,2022-05-31,269116.71,28993.04,78534.4,26344.56,111106.69
26,56,Asia,2022-06-30,362610.57,1470.94,107215.51,67804.41,124957.09
26,62,Asia,2022-07-31,294096.24,15235.5,67495.82,38179.56,86753.94
26,66,Asia,2022-08-31,208265.08,5002.37,50561.96,23082.48,78586.9
26,55,Asia,2022-09-30,432367.6,4039.77,83948.03,78424.03,185940.06
26,55,Asia,2022-10-31,311949.68,29166.64,81552.19,46162.12,117424.18
26,56,Asia,2022-11-30,399522.53,6702.82,112521.3,60961.27,124016.04
26,65,Asia,2022-12-31,563163.69,28120.19,111357.77,99100.26,211035.86
27,26,South America,2018-01-31,108790.46,2322.35,29086.9,20612.55,32995.26
27,25,South America,2018-02-28,170153.29,16854.42,45360.52,19231.87,50330.94
27,26,South America,2018-03-31,230721.32,21801.0,53568.53,31432.32,88737.76
27,27,South America,2018-04-30,178624.52,17058.13,50718.62,16515.49,68716.89
27,23,South America,2018-05-31,165635.77,15954.64,46978.62,26251.45,57070.39
27,26,South America,2018-06-30,274240.66,10575.84,65046.97,36657.14,80887.84
27,25,South America,2018-07-31,183308.06,10820.09,46560.28,25857.15,53986.15
27,23,South America,2018-08-31,187237.74,5094.61,39146.06,32358.76,70254.17
27,23,South America,2018-09-30,254526.61,1835.4,51134.96,47314.45,85640.04
27,26,South America,2018-10-31,249941.49,3368.39,68961.83,43763.51,89364.17
27,25,South America,2018-11-30,298603.72,13671.82,83141.89,54571.73,103477.23
27,25,South America,2018-12-31,389516.9,19021.11,107925.92,64271.04,119280.04
27,25,South America,2019-01-31,112015.49,13000.02,23437.19,13109.79,32388.75
27,24,South America,2019-02-28,188360.37,29258.99,54864.94,22114.7,53101.79
27,27,South America,2019-03-31,208186.66,14236.39,39466.02,26404.14,65649.74
27,27,South America,2019-04-30,194786.15,26580.57,48795.38,27762.56,66057.81
27,27,South America,2019-05-31,217414.46,24975.13,54289.65,23417.87,59053.82
27,26,South America,2019-06-30,278999.23,7165.8,58389.26,33740.32,98110.21
27,25,South America,2019-07-31,209566.77,27094.58,56956.52,35605.83,80695.71
27,24,South America,2019-08-31,194943.45,23283.9,46351.74,23936.71,64450.63
27,23,South America,2019-09-30,314838.18,14745.35,91995.47,35943.24,114655.79
27,25,South America,2019-10-31,190166.96,29082.0,54950.7,32718.64,69587.97
27,26,South America,2019-11-30,298387.22,16540.13,95315.25,36320.41,104289.4
27,27,South America,2019-12-31,394004.43,5462.03,98628.78,65710.59,128872.71
27,24,South America,2020-01-31,118127.03,13002.25,29040.1,14812.35,39025.44
27,23,South America,2020-02-29,204107.15,3847.65,45591.78,33663.94,56995.02
27,23,South America,2020-03-31,272127.71,34.38,67146.44,45933.51,108651.6
27,25,South America,2020-04-30,189984.27,4404.6,37630.11,20318.62,73905.58
27,25,South America,2020-05-31,230033.18,14460.45,48765.05,43095.65,78075.74
27,24,South America,2020-06-30,249241.05,7904.5,52240.53,40421.35,93552.27
27,25,South America,2020-07-31,207035.76,13134.77,56939.48,23796.44,72881.18
27,25,South America,2020-08-31,210799.01,8397.89,60263.82,30961.81,72014.26
27,24,South America,2020-09-30,345431.75,29785.76,100486.64,39807.05,124177.4
27,27,South America,2020-10-31,238887.01,3534.22,74461.3,28018.07,88913.65
27,24,South America,2020-11-30,391300.76,18674.5,87114.76,61142.31,130299.42
27,23,South America,2020-12-31,449609.57,4240.77,123475.1,54848.42,163422.65
27,27,South America,2021-01-31,144285.62,20153.18,31646.6,27323.24,48011.88
27,25,South America,2021-02-28,200604.0,4234.25,52063.51,30383.34,66357.06
27,24,South America,2021-03-31,313449.81,11135.79,68895.86,68560.19,104828.4
27,25,South America,2021-04-30,165486.53,14447.67,47045.92,34487.66,57462.68
27,26,South America,2021-05-31,216407.78,23424.77,47809.08,30893.05,65396.0
27,23,South America,2021-06-30,341139.42,28101.18,75794.54,34366.37,118313.41
27,25,South America,2021-07-31,232916.39,18283.85,64909.88,28423.79,89304.74
27,26,South America,2021-08-31,239786.09,4069.5,52576.91,46133.34,95432.24
27,25,South America,2021-09-30,293653.53,26034.97,63482.86,40999.04,102588.18
27,23,South America,2021-10-31,220510.49,286.33,54456.18,31148.93,94057.51
27,26,South America,2021-11-30,397088.17,20452.08,106435.9,44375.77,117327.52
27,25,South America,2021-12-31,508552.96,12208.05,130810.44,100172.8,173712.08
27,23,South America,2022-01-31,122369.85,16645.27,35359.66,24944.47,45275.12
27,23,South America,2022-02-28,223356.65,12204.64,67279.72,26795.22,73706.57
27,27,South America,2022-03-31,282266.17,18612.43,69156.06,48305.08,97962.18
27,24,South America,2022-04-30,249769.99,7550.38,51261.8,47560.33,94803.61
27,26,South America,2022-05-31,255184.78,4519.75,80293.28,49984.72,98051.68
27,24,South America,2022-06-30,354524.56,23628.03,72938.72,36841.35,121841.03
27,26,South America,2022-07-31,235583.51,7959.72,54755.19,43236.07,99650.97
27,26,South America,2022-08-31,264899.13,25218.02,61016.39,28547.68,104895.93
27,26,South America,2022-09-30,367700.32,561.91,102278.23,54919.07,142710.25
27,25,South America,2022-10-31,294396.51,542.0,85142.39,38726.6,90078.44
27,25,South America,2022-11-30,477652.04,6016.1,121049.91,84449.21,178201.93
27,24,South America,2022-12-31,514119.36,19188.05,135079.31,52771.16,159115.82
28,83,South America,2018-01-31,100569.42,25561.55,25559.01,16236.27,34999.9
28,97,South America,2018-02-28,157237.48,5411.39,39337.89,21410.26,58513.44
28,96,South America,2018-03-31,226754.92,20903.47,48650.35,45095.83,85356.72
28,96,South America,2018-04-30,184022.74,25684.31,46450.98,21030.17,56624.49
28,94,South America,2018-05-31,191013.05,24402.46,54192.87,32622.26,67737.77
28,85,South America,2018-06-30,235263.58,3081.7,65307.77,27553.71,84998.81
28,99,South America,2018-07-31,185937.98,20007.57,43221.69,17452.53,61751.97
28,89,South America,2018-08-31,168733.64,26947.16,34671.33,31045.05,53680.93
28,92,South America,2018-09-30,240545.21,16591.11,65255.05,27446.74,77935.13
28,99,South America,2018-10-31,229739.63,24267.28,43852.11,28992.59,84976.21
28,95,South America,2018-11-30,265726.13,24520.39,74928.15,38536.67,94045.88
28,90,South America,2018-12-31,361538.45,11285.45,68992.8,70183.67,117061.74
28,96,South America,2019-01-31,112012.18,11731.27,31583.54,14939.91,43391.51
28,89,South America,2019-02-28,189011.76,22392.57,47038.29,21429.79,74130.78
28,101,South America,2019-03-31,262870.28,4992.58,84916.43,31560.93,99821.18
28,84,South America,2019-04-30,180546.36,11867.34,54150.8,21885.54,64166.78
28,99,South America,2019-05-31,191926.13,8736.88,44047.31,23553.63,61729.07
28,97,South America,2019-06-30,298703.39,7704.57,72232.19,36856.33,110280.38
28,93,South America,2019-07-31,165589.03,11423.51,37411.36,24155.84,51990.3
28,88,South America,2019-08-31,237968.38,8873.16,54334.7,43664.02,75246.05
28,85,South America,2019-09-30,332725.25,23245.67,71671.75,58052.46,112812.7
28,101,South America,2019-10-31,236612.66,17164.13,50578.08,26091.72,91078.51
28,93,South America,2019-11-30,350597.52,5452.43,88615.04,49604.36,114264.89
28,84,South America,2019-12-31,460620.71,15944.02,117683.99,78455.78,157470.42
28,86,South America,2020-01-31,97495.79,8139.69,25137.0,14156.79,33823.03
28,101,South America,2020-02-29,155742.89,1426.43,33146.62,24651.16,54344.3
28,100,South America,2020-03-31,212294.91,1349.8,47792.12,36444.89,67027.56
28,97,South America,2020-04-30,199082.36,987.32,54214.75,28295.68,80204.18
28,94,South America,2020-05-31,189023.07,18291.34,52177.33,28504.03,62637.37
28,96,South America,2020-06-30,363900.14,17355.35,91445.6,53652.02,121257.79
28,93,South America,2020-07-31,261370.25,8867.03,56215.87,42104.44,88728.11
28,88,South America,2020-08-31,216070.53,23149.22,55087.69,34462.83,80684.49
28,96,South America,2020-09-30,314492.42,25791.81,82870.44,44384.64,130487.23
28,94,South America,2020-10-31,290624.38,4156.42,81187.03,51172.32,110876.38
28,90,South America,2020-11-30,290644.75,6282.44,75647.53,45032.32,98505.61
28,98,South America,2020-12-31,497507.15,6080.16,121893.19,86454.91,206493.68
28,93,South America,2021-01-31,110695.6,7958.84,25445.08,11619.78,42189.87
28,85,South America,2021-02-28,221796.8,13517.91,55280.21,42988.03,73486.16
28,83,South America,2021-03-31,314779.91,29514.9,57873.61,56206.57,104755.9
28,87,South America,2021-04-30,162317.12,11388.79,31944.12,21343.46,50873.97
28,88,South America,2021-05-31,235184.63,7436.91,50893.56,44425.53,92469.24
28,86,South America,2021-06-30,399805.71,12197.03,112219.47,79680.96,136739.81
28,89,South America,2021-07-31,236687.03,11006.87,53013.51,23123.27,90238.11
28,95,South America,2021-08-31,269487.92,14888.91,65623.61,47877.05,93848.75
28,99,South America,2021-09-30,332450.48,4992.96,95273.12,34832.23,115342.54
28,83,South America,2021-10-31,306155.93,20465.49,92368.27,55890.59,94446.5
28,88,South America,2021-11-30,409310.38,17032.83,105590.55,77802.79,165565.77
28,98,South America,2021-12-31,467925.64,29650.66,116182.82,50990.46,165648.11
28,93,South America,2022-01-31,152917.16,29209.45,40493.33,26771.74,61952.92
28,91,South America,2022-02-28,252671.77,24581.09,59225.15,41989.7,89943.61
28,91,South America,2022-03-31,232777.22,17199.41,45638.74,23000.54,69817.83
28,95,South America,2022-04-30,203808.64,2807.56,52690.5,33931.96,78523.59
28,86,South America,2022-05-31,232687.0,3141.15,51342.79,25949.73,69739.02
28,101,South America,2022-06-30,330214.22,19791.13,76274.97,38358.17,110423.11
28,94,South America,2022-07-31,231145.33,20514.69,61705.69,39147.9,76952.65
28,90,South America,2022-08-31,228177.18,16837.61,53415.3,24438.22,85265.22
28,91,South America,2022-09-30,393806.63,20146.01,115550.25,45446.98,147599.39
28,86,South America,2022-10-31,260386.0,2694.58,49368.36,55743.99,98709.48
28,92,South America,2022-11-30,401561.87,25037.16,86752.85,80750.27,118503.53
28,84,South America,2022-12-31,599420.08,12590.85,143716.23,100711.95,223530.1
29,52,South America,2018-01-31,86605.95,28699.8,22545.97,11912.23,29040.48
29,52,South America,2018-02-28,171032.1,286.85,48612.41,20155.22,53957.89
29,50,South America,2018-03-31,192919.0,2471.02,49454.09,22013.64,66242.19
29,55,South America,2018-04-30,133503.15,6327.5,35608.12,13676.96,47009.34
29,55,South America,2018-05-31,171726.98,11248.43,40448.53,30873.55,49986.19
29,48,South America,2018-06-30,217162.01,13942.21,66075.47,29358.48,71471.87
29,51,South America,2018-07-31,171182.43,13260.83,50573.1,18715.18,54442.11
29,51,South America,2018-08-31,218564.44,21091.91,57257.51,33538.67,63384.53
29,50,South America,2018-09-30,299777.06,17050.65,74391.77,34752.56,115719.59
29,57,South America,2018-10-31,185165.29,29204.07,41018.69,32690.99,71270.71
29,48,South America,2018-11-30,302367.02,13861.79,72045.52,37458.29,97265.97
29,51,South America,2018-12-31,336738.6,15778.71,93227.08,38935.99,102713.73
29,47,South America,2019-01-31,105840.74,18828.2,26325.7,19870.52,33426.01
29,50,South America,2019-02-28,165490.97,24164.45,37206.74,27526.82,51367.55
29,55,South America,2019-03-31,219826.3,28664.43,62788.14,32830.89,76170.06
29,51,South America,2019-04-30,144786.96,12135.49,42373.76,20973.4,47873.09
29,47,South America,2019-05-31,235077.18,14955.22,54203.19,42254.82,74091.53
29,52,South America,2019-06-30,325611.31,15190.99,78290.69,67291.96,110102.99
29,51,South America,2019-07-31,212829.7,3504.37,51858.71,37849.89,87993.63
29,52,South America,2019-08-31,232461.34,18803.08,54333.6,36427.0,85996.96
29,50,South America,2019-09-30,267804.87,19247.1,76433.13,33346.43,93404.42
29,53,South America,2019-10-31,210229.49,10976.15,50518.18,29430.64,62082.0
29,50,South America,2019-11-30,303457.33,17521.29,65332.16,44513.12,106672.94
29,51,South America,2019-12-31,458752.89,20111.28,110158.05,88115.78,161356.6
29,57,South America,2020-01-31,125188.86,18720.85,28705.23,23119.06,51173.72
29,56,South America,2020-02-29,211340.77,9115.84,48993.95,38091.7,79386.1
29,48,South America,2020-03-31,201091.29,11512.22,57020.13,27820.14,67783.68
29,49,South America,2020-04-30,166158.42,28695.26,48709.85,27512.48,69674.22
29,48,South America,2020-05-31,254111.78,12043.14,52325.55,38053.16,89250.67
29,57,South America,2020-06-30,358745.51,9122.24,111843.74,47536.17,130391.86
29,49,South America,2020-07-31,190437.34,21649.76,47750.5,34116.77,68499.42
29,49,South America,2020-08-31,257401.49,863.12,67692.87,41833.31,86155.83
29,52,South America,2020-09-30,347486.63,10792.9,104457.02,50859.42,124996.96
29,48,South America,2020-10-31,289217.8,2746.67,89482.94,52752.38,80398.11
29,54,South America,2020-11-30,412454.45,27781.84,117766.2,67516.96,114078.33
29,50,South America,2020-12-31,452726.84,25425.96,114789.12,71351.63,154121.57
29,50,South America,2021-01-31,144419.05,14073.78,30441.48,25934.97,51971.58
29,54,South America,2021-02-28,170235.63,22720.25,32267.83,35610.53,61777.45
29,54,South America,2021-03-31,224018.32,27207.31,58488.98,25182.35,69594.99
29,47,South America,2021-04-30,162398.91,5930.52,42744.36,27890.89,63877.95
29,48,South America,2021-05-31,259418.91,24136.4,67274.55,33325.03,82838.55
29,50,South America,2021-06-30,393765.27,29673.06,111734.46,64590.91,149501.4
29,56,South America,2021-07-31,273114.3,26223.29,67542.47,47534.15,99561.61
29,51,South America,2021-08-31,214540.49,1683.95,47194.11,34375.56,75527.73
29,55,South America,2021-09-30,295353.46,7723.47,61507.73,62310.01,100267.61
29,56,South America,2021-10-31,297611.95,24864.67,75144.98,60524.66,106090.39
29,53,South America,2021-11-30,310445.54,11925.47,61002.89,36239.38,113817.25
29,51,South America,2021-12-31,538153.24,16803.15,113129.38,64904.28,204641.31
29,50,South America,2022-01-31,113869.32,21528.85,26779.93,14834.74,34676.64
29,54,South America,2022-02-28,184759.3,7065.43,36656.16,20429.84,69201.01
29,48,South America,2022-03-31,261796.96,4850.32,70546.17,33347.45,82837.03
29,48,South America,2022-04-30,242539.33,21498.19,53682.01,24368.0,85151.04
29,48,South America,2022-05-31,259673.06,11138.57,65014.27,28869.55,97905.34
29,50,South America,2022-06-30,290348.9,13165.1,84293.78,33728.29,104338.85
29,56,South America,2022-07-31,258122.91,16976.69,71986.08,35253.66,106877.3
29,56,South America,2022-08-31,229738.7,10612.15,64003.22,23560.58,88035.99
29,52,South America,2022-09-30,336812.15,23137.72,100728.5,57407.52,130504.1
29,55,South America,2022-10-31,295762.58,27727.32,60840.17,55591.45,98068.09
29,50,South America,2022-11-30,439120.73,7769.88,100881.07,64536.95,143452.26
29,51,South America,2022-12-31,577669.04,9436.33,116374.85,70027.89,193976.49
30,99,South America,2018-01-31,82413.82,2817.6,23885.75,11933.04,25124.07
30,86,South America,2018-02-28,132390.96,1997.16,31307.37,22753.28,40910.82
30,94,South America,2018-03-31,202273.91,11788.35,42691.15,23419.87,73496.66
30,90,South America,2018-04-30,179816.57,19064.49,47238.41,34159.13,62563.18
30,88,South America,2018-05-31,186412.75,7949.42,48817.41,38402.59,61225.37
30,98,South America,2018-06-30,260751.88,10432.05,62916.55,26832.86,101405.18
30,102,South America,2018-07-31,174937.79,10797.24,43626.42,27958.56,64767.28
30,89,South America,2018-08-31,198416.63,25172.06,57067.42,21902.11,70248.19
30,93,South America,2018-09-30,257331.43,28246.26,72920.15,35345.01,85903.68
30,102,South America,2018-10-31,230714.02,16770.09,69470.11,35171.8,94717.76
30,95,South America,2018-11-30,321628.92,15803.76,83038.34,35057.28,120280.6
30,95,South America,2018-12-31,396657.18,6600.38,108558.55,64664.0,126855.51
30,96,South America,2019-01-31,127687.48,7092.12,36162.78,21675.24,42718.67
30,98,South America,2019-02-28,192526.11,11537.51,61339.47,37496.5,68227.0
30,94,South America,2019-03-31,242339.27,29561.55,66882.07,37005.97,94288.71
30,88,South America,2019-04-30,173219.33,22532.19,44726.31,31293.06,59551.98
30,92,South America,2019-05-31,215663.57,3655.51,52771.73,28950.36,73490.36
30,94,South America,2019-06-30,246460.29,6184.95,55018.66,44793.28,87068.4
30,101,South America,2019-07-31,209148.49,22630.64,47798.69,27757.33,74914.92
30,103,South America,2019-08-31,236332.86,27861.73,56137.4,42475.6,73831.34
30,97,South America,2019-09-30,318001.96,9790.84,88413.99,41588.61,102548.34
30,93,South America,2019-10-31,191567.35,4526.34,42771.03,41431.4,65436.24
30,100,South America,2019-11-30,358180.39,19663.97,74265.13,75407.06,115813.34
30,86,South America,2019-12-31,407672.34,12496.04,100109.39,59313.07,168557.09
30,99,South America,2020-01-31,126482.45,7115.83,36962.83,27532.8,44739.53
30,85,South America,2020-02-29,187091.11,9878.27,48177.16,26842.65,62099.68
30,93,South America,2020-03-31,288389.46,28052.63,70658.25,50919.24,99821.62
30,95,South America,2020-04-30,147414.05,29569.98,28051.36,26657.94,48213.81
30,93,South America,2020-05-31,197049.55,25982.82,43840.56,25810.09,65744.42
30,92,South America,2020-06-30,368902.78,15296.33,70960.35,51222.3,135682.29
30,86,South America,2020-07-31,210748.01,4889.17,49805.43,31387.68,86914.89
30,89,South America,2020-08-31,201772.6,27601.55,50169.77,22967.87,64156.27
30,96,South America,2020-09-30,301454.66,28743.41,87671.96,38144.41,95684.07
30,89,South America,2020-10-31,258548.26,23321.19,72005.75,31717.58,88491.45
30,94,South America,2020-11-30,289605.62,28502.96,78362.61,43363.88,92435.79
30,96,South America,2020-12-31,541759.78,17866.52,156739.65,73154.53,185251.51
30,101,South America,2021-01-31,144433.9,8145.5,39569.23,20593.82,50465.77
30,86,South America,2021-02-28,168576.44,2365.67,39903.43,34824.88,54102.85
30,103,South America,2021-03-31,223817.69,14813.66,46471.58,35134.49,69158.18
30,94,South America,2021-04-30,194303.15,13655.56,43354.3,35300.7,66866.47
30,88,South America,2021-05-31,247038.03,11616.7,56350.75,45404.15,84983.31
30,89,South America,2021-06-30,327371.11,11773.35,94236.06,46981.47,136110.83
30,88,South America,2021-07-31,253456.82,18516.74,69151.51,41992.45,100987.91
30,93,South America,2021-08-31,225497.93,968.81,62696.17,42907.95,80692.94
30,87,South America,2021-09-30,365206.3,29940.62,74191.32,43516.8,139038.16
30,86,South America,2021-10-31,281675.36,27381.66,62135.4,54925.32,102888.01
30,85,South America,2021-11-30,400426.45,11562.09,95326.94,50069.06,142935.4
30,100,South America,2021-12-31,439429.32,6504.41,125864.76,69660.55,126795.95
30,92,South America,2022-01-31,150755.78,6048.6,41615.22,24995.67,51679.55
30,100,South America,2022-02-28,252418.15,19345.44,60649.14,35299.51,102757.78
30,92,South America,2022-03-31,238531.48,5791.08,53616.82,24771.47,77956.11
30,92,South America,2022-04-30,234095.46,25651.82,62715.28,36726.44,83678.1
30,89,South America,2022-05-31,212571.8,4405.71,52578.82,28005.35,72951.3
30,102,South America,2022-06-30,317778.07,21593.34,78981.67,51610.98,98384.96
30,90,South America,2022-07-31,275969.35,14702.72,57976.99,54339.39,88650.59
30,103,South America,2022-08-31,279603.86,7549.58,60191.84,32924.02,91544.95
30,96,South America,2022-09-30,395031.56,6134.46,97731.25,72492.0,154213.96
30,86,South America,2022-10-31,306593.85,1589.36,90007.17,43165.84,99700.65
30,90,South America,2022-11-30,352950.86,13710.46,77243.48,59827.58,116371.81
30,93,South America,2022-12-31,553932.5,12468.04,161426.26,78437.27,181212.16
31,68,South America,2018-01-31,80135.36,12053.56,19477.38,11678.1,28044.43
31,60,South America,2018-02-28,160888.51,13978.75,36191.64,24803.7,58096.22
31,56,South America,2018-03-31,200379.29,23922.26,41786.79,24395.64,71448.79
31,68,South America,2018-04-30,138439.66,4894.2,35421.92,22107.14,51619.91
31,59,South America,2018-05-31,214901.77,19072.1,51549.04,29045.81,66357.4
31,60,South America,2018-06-30,246727.18,9615.1,64188.79,47042.64,93678.44
31,62,South America,2018-07-31,154373.48,22858.89,47880.51,19054.16,56595.21
31,65,South America,2018-08-31,191804.56,20570.35,47035.58,28927.69,64226.91
31,66,South America,2018-09-30,282411.06,26957.5,73709.19,28738.72,101271.64
31,66,South America,2018-10-31,236414.69,6089.08,54286.33,28859.21,68718.56
31,64,South America,2018-11-30,280546.96,25116.3,59177.52,54992.38,81924.32
31,57,South America,2018-12-31,324907.98,25747.4,75054.97,63808.86,113902.58
31,60,South America,2019-01-31,117587.11,7837.03,27548.31,18808.41,40326.71
31,62,South America,2019-02-28,148448.53,1461.58,38925.77,17449.86,60896.11
31,57,South America,2019-03-31,241287.73,1324.68,61830.35,47805.97,73785.07
31,64,South America,2019-04-30,148713.06,4294.58,31153.23,28681.19,63912.11
31,65,South America,2019-05-31,237568.87,23204.44,68594.9,26101.17,72569.87
31,63,South America,2019-06-30,299280.03,5382.22,58418.72,44544.54,110098.06
31,56,South America,2019-07-31,174915.27,18114.02,36782.8,22926.53,62006.35
31,62,South America,2019-08-31,229417.54,26800.7,50178.08,35249.95,82800.38
31,65,South America,2019-09-30,240592.65,2629.27,53956.24,31033.04,84204.53
31,56,South America,2019-10-31,212380.42,2579.35,41541.57,29950.12,74865.74
31,68,South America,2019-11-30,267648.04,27605.78,75085.7,56972.63,83278.29
31,65,South America,2019-12-31,373502.3,22128.33,96597.59,71317.46,139602.37
31,58,South America,2020-01-31,143582.2,10068.84,28670.31,20859.83,49153.27
31,65,South America,2020-02-29,195922.1,4059.28,44838.04,38445.19,73949.83
31,61,South America,2020-03-31,213558.54,20684.67,46451.39,38997.74,82235.21
31,63,South America,2020-04-30,169542.25,25738.9,43973.63,28361.69,60210.53
31,59,South America,2020-05-31,249499.89,14026.21,74980.88,41006.69,90090.26
31,66,South America,2020-06-30,348605.01,5743.36,79019.55,63669.32,133623.39
31,68,South America,2020-07-31,238874.85,5535.36,55739.11,27134.07,86167.46
31,58,South America,2020-08-31,196163.42,19845.58,47706.31,28810.88,78011.31
31,56,South America,2020-09-30,294836.3,9595.08,73277.73,40820.24,94201.71
31,57,South America,2020-10-31,284115.39,3374.94,75959.18,30156.13,108975.96
31,61,South America,2020-11-30,290918.57,8344.62,84465.64,36109.77,83658.82
31,59,South America,2020-12-31,526266.09,1306.4,151363.98,113280.39,216390.98
31,58,South America,2021-01-31,144376.19,5847.82,32655.96,18414.6,46903.13
31,66,South America,2021-02-28,165439.65,16840.33,37751.13,24277.69,56974.14
31,61,South America,2021-03-31,293489.63,12385.78,73745.69,57362.54,104663.09
31,62,South America,2021-04-30,182032.37,11082.26,48383.07,32596.61,68902.14
31,68,South America,2021-05-31,242406.52,28417.44,48977.17,44086.79,91278.59
31,57,South America,2021-06-30,371287.15,17261.33,116034.16,52894.85,106907.17
31,63,South America,2021-07-31,194884.29,23295.96,50195.75,33417.35,78684.85
31,62,South America,2021-08-31,256278.88,2119.76,70748.87,48338.32,97945.16
31,60,South America,2021-09-30,344518.19,29323.07,89344.95,45469.57,136008.22
31,65,South America,2021-10-31,286124.24,27744.65,65013.76,51030.29,90408.93
31,60,South America,2021-11-30,333281.5,13764.07,96751.56,54588.55,134111.73
31,68,South America,2021-12-31,492060.1,16640.36,151630.41,65525.09,172072.87
31,58,South America,2022-01-31,133524.7,3931.27,27431.64,16143.01,51267.29
31,58,South America,2022-02-28,200014.13,25775.01,39844.84,22265.36,75781.46
31,66,South America,2022-03-31,302063.13,11156.42,94650.67,57763.77,98489.02
31,63,South America,2022-04-30,248058.24,19084.34,57771.27,41505.76,85975.38
31,67,South America,2022-05-31,224818.15,10363.31,63492.95,29492.08,66125.23
31,62,South America,2022-06-30,420627.74,2389.11,101942.0,60320.75,149097.26
31,58,South America,2022-07-31,236225.57,24816.14,55858.15,45477.46,89477.26
31,57,South America,2022-08-31,222505.22,20094.96,54885.53,29353.4,76676.16
31,59,South America,2022-09-30,349302.69,24724.48,106878.99,57134.84,110978.72
31,66,South America,2022-10-31,318672.24,17814.9,95089.47,32939.92,98500.02
31,68,South America,2022-11-30,392371.01,24679.39,112064.17,67810.86,137267.45
31,56,South America,2022-12-31,465736.19,27147.55,137234.38,76198.56,160168.01
32,46,Asia,2018-01-31,80100.87,11251.77,21412.09,10190.07,24084.93
32,47,Asia,2018-02-28,141481.95,13595.22,36196.98,16368.24,47715.19
32,47,Asia,2018-03-31,166041.31,7962.18,44090.67,25326.91,58876.52
32,44,Asia,2018-04-30,176013.4,1098.29,45924.69,28521.76,69934.31
32,49,Asia,2018-05-31,185061.16,3392.91,52323.94,26789.33,59674.05
32,47,Asia,2018-06-30,230029.75,23818.16,61206.37,30942.4,83498.54
32,46,Asia,2018-07-31,177401.69,19005.86,36039.15,17759.44,74217.07
32,42,Asia,2018-08-31,193320.58,8896.03,47630.6,30703.68,68097.52
32,44,Asia,2018-09-30,241242.56,7174.29,66197.57,47759.68,96383.2
32,45,Asia,2018-10-31,225562.43,4413.61,49820.73,31623.82,72539.85
32,45,Asia,2018-11-30,252457.92,7755.74,50683.23,31815.05,77690.72
32,48,Asia,2018-12-31,395222.29,18190.36,112083.5,45893.6,146924.16
32,45,Asia,2019-01-31,121070.61,23549.89,32382.93,23748.25,49000.08
32,46,Asia,2019-02-28,177023.61,13575.22,37002.71,25295.43,60844.14
32,46,Asia,2019-03-31,236346.15,5556.47,52978.2,23382.06,89447.76
32,49,Asia,2019-04-30,192922.86,4854.27,63087.72,31273.66,65344.03
32,48,Asia,2019-05-31,211510.3,27378.53,63133.44,31135.98,64620.03
32,48,Asia,2019-06-30,304127.42,2127.4,55999.21,58152.41,100152.01
32,43,Asia,2019-07-31,223497.58,23636.89,43934.42,39864.44,89799.13
32,44,Asia,2019-08-31,182107.21,5586.97,41716.6,33674.56,68891.46
32,49,Asia,2019-09-30,338976.06,13242.13,79955.85,39364.62,121456.31
32,42,Asia,2019-10-31,252311.45,1333.7,71808.93,35702.0,90744.48
32,49,Asia,2019-11-30,319191.18,26551.94,76328.23,63666.25,111995.06
32,49,Asia,2019-12-31,347955.05,5358.95,92906.62,65876.14,150982.94
32,45,Asia,2020-01-31,114861.13,21050.25,23981.43,21018.78,45266.41
32,44,Asia,2020-02-29,173865.82,3609.8,51768.64,26910.65,61618.11
32,48,Asia,2020-03-31,232569.58,872.63,57686.72,40969.54,76920.93
32,49,Asia,2020-04-30,202688.31,8664.74,46074.43,36730.15,57073.25
32,47,Asia,2020-05-31,189343.26,25134.47,44571.57,19681.59,68216.23
32,42,Asia,2020-06-30,337773.09,24333.54,76534.29,37215.9,121342.31
32,41,Asia,2020-07-31,249259.46,26398.4,66846.31,42935.26,71581.92
32,41,Asia,2020-08-31,228682.65,1945.59,46382.37,31488.27,69208.23
32,45,Asia,2020-09-30,288165.54,15691.24,79016.62,49225.74,95569.65
32,44,Asia,2020-10-31,267951.44,26986.36,64016.0,49904.57,93230.34
32,47,Asia,2020-11-30,367081.14,4068.95,90808.8,53453.16,141336.97
32,47,Asia,2020-12-31,379156.84,22312.88,96317.44,63169.32,109064.99
32,46,Asia,2021-01-31,104240.33,18129.8,28702.13,14000.78,41578.86
32,44,Asia,2021-02-28,192257.38,10046.26,44144.35,26433.63,66190.7
32,46,Asia,2021-03-31,279592.4,26338.52,81778.88,36461.74,96129.81
32,48,Asia,2021-04-30,182228.39,22279.03,38943.83,23183.57,58645.66
32,43,Asia,2021-05-31,219530.83,13416.5,46936.33,43487.92,86495.8
32,45,Asia,2021-06-30,275079.62,12129.5,85815.7,40871.57,102491.47
32,49,Asia,2021-07-31,204977.29,22637.92,60423.56,19239.12,77643.83
32,49,Asia,2021-08-31,206388.23,17677.68,59561.15,40732.55,69857.31
32,48,Asia,2021-09-30,273766.2,8463.35,59370.52,55518.37,98877.94
32,46,Asia,2021-10-31,220302.61,10971.02,66204.42,39809.86,64985.29
32,44,Asia,2021-11-30,321857.21,7498.23,100418.68,53170.85,95982.39
32,41,Asia,2021-12-31,456249.6,9882.77,115472.52,61912.29,138475.81
32,44,Asia,2022-01-31,128620.58,29912.25,39352.44,15940.1,41799.31
32,44,Asia,2022-02-28,226753.48,6864.35,59189.58,31769.44,87094.31
32,41,Asia,2022-03-31,335391.32,5259.33,70994.2,57374.5,121494.06
32,44,Asia,2022-04-30,249093.25,22180.73,55263.67,49560.69,85194.83
32,45,Asia,2022-05-31,289172.27,1207.21,54645.41,49368.67,89208.22
32,46,Asia,2022-06-30,291996.5,10075.5,89661.64,49664.19,96047.72
32,48,Asia,2022-07-31,283085.98,26561.67,75681.54,32973.03,94866.71
32,44,Asia,2022-08-31,266911.84,20690.23,56220.72,49997.49,106994.59
32,46,Asia,2022-09-30,352754.81,1149.22,82722.72,59965.44,114272.04
32,47,Asia,2022-10-31,278419.05,4645.8,91248.35,57512.75,99584.05
32,48,Asia,2022-11-30,423068.85,15474.06,102837.73,57746.4,172525.01
32,49,Asia,2022-12-31,620364.65,20868.68,136461.18,74830.25,199336.03
33,98,South America,2018-01-31,102906.16,13020.34,23872.38,14798.94,35712.69
33,101,South America,2018-02-28,137863.05,11393.71,30042.14,17244.43,45231.3
33,93,South America,2018-03-31,182461.84,585.88,39242.86,38181.51,64247.8
33,93,South America,2018-04-30,138931.83,25099.17,25677.67,26932.99,46146.85
33,97,South America,2018-05-31,153095.24,23253.22,32676.33,20632.48,54787.44
33,96,South America,2018-06-30,215213.08,4052.84,57721.57,35644.28,65748.79
33,89,South America,2018-07-31,220422.21,17447.63,45676.68,37788.47,72145.61
33,98,South America,2018-08-31,152499.9,14588.13,35739.64,21234.41,46158.82
33,100,South America,2018-09-30,248452.48,14408.66,66763.26,42405.24,72010.21
33,104,South America,2018-10-31,221435.38,18105.17,54225.41,36722.46,69324.92
33,96,South America,2018-11-30,242496.4,12817.55,67584.51,34356.52,81924.75
33,87,South America,2018-12-31,419218.64,4090.61,104790.39,55494.11,164492.42
33,101,South America,2019-01-31,95518.3,29672.22,23680.25,18559.37,34877.58
33,101,South America,2019-02-28,188880.22,7632.74,53409.39,28652.77,71814.47
33,88,South America,2019-03-31,245040.22,18156.52,56061.68,42075.04,83266.08
33,98,South America,2019-04-30,193261.54,17533.24,44124.4,21635.31,60669.76
33,103,South America,2019-05-31,179563.3,11239.02,46120.37,24303.24,58440.3
33,94,South America,2019-06-30,257208.26,24312.38,64571.72,42311.85,77834.9
33,97,South America,2019-07-31,165762.07,22994.49,40756.23,19152.15,59924.81
33,92,South America,2019-08-31,193821.14,338.08,52463.22,37067.61,60373.0
33,93,South America,2019-09-30,272765.56,17285.15,64108.31,33132.85,115204.35
33,88,South America,2019-10-31,275717.37,14632.76,68820.36,51273.11,85775.91
33,98,South America,2019-11-30,284715.97,19013.65,72428.58,26942.82,94391.56
33,99,South America,2019-12-31,335311.78,305.2,100072.74,42532.72,120557.85
33,94,South America,2020-01-31,141924.87,9310.9,30020.74,25204.41,45873.35
33,102,South America,2020-02-29,181521.42,24435.39,46937.49,18487.58,75150.34
33,95,South America,2020-03-31,248434.62,26249.11,65434.77,47223.03,86654.12
33,99,South America,2020-04-30,217590.44,10305.99,51638.4,46771.42,86951.72
33,97,South America,2020-05-31,250857.01,12129.14,49557.03,31618.32,91383.54
33,104,South America,2020-06-30,286450.22,6578.48,72429.66,45705.95,109482.89
33,95,South America,2020-07-31,248363.88,16724.96,58879.34,31393.19,86562.11
33,88,South America,2020-08-31,200987.47,6205.17,39137.36,35215.1,73105.41
33,94,South America,2020-09-30,274696.42,2636.04,59638.58,42150.77,105317.2
33,92,South America,2020-10-31,230969.59,4680.41,52242.34,42759.5,79098.14
33,104,South America,2020-11-30,284178.89,14256.55,83236.27,31615.12,101318.71
33,92,South America,2020-12-31,364264.76,25438.88,92729.43,60407.79,123369.61
33,99,South America,2021-01-31,142130.34,28012.43,34832.33,18584.34,53072.8
33,98,South America,2021-02-28,167961.5,6317.51,47877.65,18805.42,61796.54
33,100,South America,2021-03-31,232894.43,16748.66,71743.3,37967.9,97147.39
33,101,South America,2021-04-30,215648.92,12482.41,49130.39,31935.48,66135.41
33,100,South America,2021-05-31,271102.85,2714.59,56791.76,35953.86,88707.9
33,88,South America,2021-06-30,316841.55,6607.98,87053.74,58287.96,119642.94
33,96,South America,2021-07-31,275219.59,546.42,63927.2,51976.91,100916.42
33,95,South America,2021-08-31,225112.25,29441.63,53747.96,26906.9,92880.71
33,94,South America,2021-09-30,389125.3,7372.64,120790.25,65143.5,150103.07
33,90,South America,2021-10-31,267091.3,26697.86,82656.55,31571.56,89156.73
33,88,South America,2021-11-30,438958.42,20744.38,100044.85,71079.7,130127.27
33,97,South America,2021-12-31,410925.45,2871.94,101052.96,47649.31,148024.76
33,91,South America,2022-01-31,142615.42,6240.11,27217.18,24006.05,52465.0
33,104,South America,2022-02-28,242243.15,16327.34,59566.31,47196.82,83411.18
33,93,South America,2022-03-31,322596.67,21248.3,79689.86,54784.43,109292.02
33,92,South America,2022-04-30,195006.3,3686.63,39213.14,36318.44,59819.44
33,92,South America,2022-05-31,218538.89,2801.7,59742.97,25105.9,71355.66
33,100,South America,2022-06-30,345563.41,13026.03,91193.53,55725.54,100050.41
33,103,South America,2022-07-31,216525.54,526.58,58532.7,31249.54,70436.51
33,101,South America,2022-08-31,271057.26,26864.27,78371.45,43586.89,96349.38
33,91,South America,2022-09-30,349837.88,16867.15,85314.7,66023.46,125525.57
33,88,South America,2022-10-31,337654.42,23790.38,79159.21,32475.97,95595.98
33,99,South America,2022-11-30,419506.13,19008.97,121808.94,74594.71,128427.8
33,102,South America,2022-12-31,539608.29,18591.36,120015.85,51597.58,186450.2
34,69,North America,2018-01-31,110739.25,11999.28,25346.17,19779.61,35820.16
34,59,North America,2018-02-28,147354.28,29261.43,44466.39,21522.45,56521.26
34,64,North America,2018-03-31,181358.73,3148.03,39366.95,25658.62,64006.18
34,57,North America,2018-04-30,168583.46,8827.31,32429.97,25596.2,57123.23
34,61,North America,2018-05-31,201084.03,1897.62,46484.09,39674.52,76100.67
34,60,North America,2018-06-30,280370.66,5886.96,72842.57,37650.25,100840.2
34,68,North America,2018-07-31,219318.72,15691.83,48634.56,31928.39,80531.87
34,63,North America,2018-08-31,215658.49,15855.04,53961.78,29165.3,84447.05
34,58,North America,2018-09-30,270827.55,949.07,66428.12,46842.45,92760.54
34,66,North America,2018-10-31,226851.29,24844.5,47362.05,24609.05,70601.85
34,58,North America,2018-11-30,310775.24,17064.01,72624.91,65782.6,118995.19
34,63,North America,2018-12-31,350902.77,9652.1,90049.62,59022.74,110772.8
34,68,North America,2019-01-31,122229.51,29249.71,30753.63,17538.24,49529.65
34,69,North America,2019-02-28,185646.28,23458.02,42195.01,21573.3,69970.13
34,68,North America,2019-03-31,254337.93,27010.18,50191.69,45190.97,91344.56
34,58,North America,2019-04-30,197536.81,15632.39,46417.34,22470.4,71202.6
34,61,North America,2019-05-31,166417.77,14059.24,41500.17,29988.1,66831.75
34,64,North America,2019-06-30,299947.42,4365.29,65006.22,58815.53,93182.78
34,61,North America,2019-07-31,208838.6,10730.83,40152.77,41912.28,82705.82
34,67,North America,2019-08-31,181519.56,13419.75,46637.54,25379.37,59885.66
34,57,North America,2019-09-30,328748.75,1642.78,84194.93,56255.34,120101.96
34,57,North America,2019-10-31,231306.32,2259.37,60522.41,45025.95,67379.16
34,62,North America,2019-11-30,307499.44,27400.69,71308.72,48988.95,87551.28
34,69,North America,2019-12-31,462390.29,10407.4,106783.7,54165.74,141594.59
34,62,North America,2020-01-31,116063.72,20064.53,24714.51,18268.7,42536.02
34,63,North America,2020-02-29,214738.52,12657.92,63723.31,45746.21,76903.43
34,66,North America,2020-03-31,253831.14,29098.56,63665.15,52236.08,75308.51
34,68,North America,2020-04-30,177910.32,17687.53,40094.77,25862.53,67776.98
34,63,North America,2020-05-31,249329.27,23077.27,60726.38,32292.36,91030.49
34,61,North America,2020-06-30,343275.64,195.49,94624.6,62992.33,147836.55
34,59,North America,2020-07-31,219060.49,9967.63,57109.22,24078.16,73006.4
34,63,North America,2020-08-31,200107.17,22337.02,54354.32,30120.86,74738.81
34,60,North America,2020-09-30,281568.75,25177.08,79433.39,49351.01,112716.79
34,58,North America,2020-10-31,243186.01,17553.67,57959.79,50687.31,102503.5
34,66,North America,2020-11-30,375305.02,14644.78,113888.92,47092.26,122625.01
34,69,North America,2020-12-31,528114.1,12814.32,141628.17,72236.1,192738.29
34,59,North America,2021-01-31,141553.56,2415.49,29374.2,28287.03,43704.93
34,65,North America,2021-02-28,192037.22,25448.24,52281.2,18997.54,61290.78
34,61,North America,2021-03-31,296962.26,4820.98,94317.97,56523.59,94862.32
34,66,North America,2021-04-30,221501.0,25724.63,47432.1,23915.68,77354.08
34,57,North America,2021-05-31,192549.1,15666.41,52757.24,30936.36,68779.98
34,62,North America,2021-06-30,391060.56,14860.41,104620.66,77314.52,158402.67
34,60,North America,2021-07-31,196704.09,6977.06,44395.24,30890.58,59663.43
34,58,North America,2021-08-31,219154.53,25990.14,47704.62,34497.67,80040.0
34,65,North America,2021-09-30,406103.91,10474.66,86377.54,65074.81,143970.41
34,68,North America,2021-10-31,279134.97,8046.45,62410.99,36790.86,79931.56
34,59,North America,2021-11-30,360653.66,9229.42,80909.86,48868.97,113539.57
34,68,North America,2021-12-31,400143.85,23376.8,96029.47,49249.55,169566.26
34,65,North America,2022-01-31,159337.46,21323.21,40964.95,23287.88,51942.16
34,66,North America,2022-02-28,188466.07,7906.92,41271.6,22644.27,68794.54
34,66,North America,2022-03-31,228982.43,15572.98,58165.32,24756.15,78003.69
34,59,North America,2022-04-30,197890.81,4133.99,43793.23,27502.59,80896.32
34,68,North America,2022-05-31,225903.65,8676.03,63759.82,29691.12,85576.73
34,63,North America,2022-06-30,348437.42,10824.01,108724.0,43299.73,134112.44
34,57,North America,2022-07-31,285969.29,8296.94,76171.7,38077.07,114908.26
34,61,North America,2022-08-31,240724.36,12713.15,57248.4,43086.79,73076.01
34,68,North America,2022-09-30,405191.28,25474.89,88449.59,42376.57,159345.9
34,67,North America,2022-10-31,250692.83,28199.5,76507.89,41432.51,80158.31
34,65,North America,2022-11-30,489032.56,24129.66,125786.62,98626.94,181352.68
34,60,North America,2022-12-31,596193.63,11616.89,124550.54,78367.56,225249.05
35,85,Europe,2018-01-31,89372.0,4373.64,25164.94,9485.97,29019.68
35,89,Europe,2018-02-28,173970.65,26969.73,55154.08,19100.74,67349.51
35,91,Europe,2018-03-31,211992.38,22237.54,53043.28,30988.45,72296.08
35,80,Europe,2018-04-30,183040.59,18731.78,41062.38,30751.26,67715.22
35,81,Europe,2018-05-31,193667.11,29016.22,54084.68,28851.21,78089.41
35,76,Europe,2018-06-30,237760.27,3225.81,60001.5,49023.82,90428.95
35,84,Europe,2018-07-31,195423.13,14282.84,44780.0,21516.1,67036.52
35,84,Europe,2018-08-31,170552.52,26354.58,48838.01,25375.83,57250.07
35,77,Europe,2018-09-30,279014.65,6539.8,68231.88,41769.12,96107.76
35,83,Europe,2018-10-31,252667.01,19599.46,66647.66,26219.07,77518.37
35,89,Europe,2018-11-30,317409.67,9166.53,85152.98,42495.58,134471.1
35,83,Europe,2018-12-31,407998.23,24363.22,87722.41,62161.28,140318.36
35,81,Europe,2019-01-31,123206.07,8048.64,38432.89,21659.55,39924.08
35,78,Europe,2019-02-28,190701.31,29269.56,38408.32,35532.47,63322.56
35,83,Europe,2019-03-31,262726.17,6458.56,55797.65,37591.74,96665.73
35,89,Europe,2019-04-30,194350.63,10429.59,51534.49,24601.5,65966.67
35,75,Europe,2019-05-31,170920.52,5716.84,46151.18,32748.58,55525.01
35,83,Europe,2019-06-30,312410.19,9996.13,93180.5,46452.0,123516.03
35,86,Europe,2019-07-31,226919.45,19645.47,56881.72,30659.22,82760.71
35,86,Europe,2019-08-31,163827.13,18907.14,43350.22,31057.77,58733.65
35,78,Europe,2019-09-30,237807.39,812.51,58457.39,30334.27,90557.38
35,81,Europe,2019-10-31,219533.42,20962.07,67799.12,35281.96,70166.12
35,85,Europe,2019-11-30,315474.79,20379.52,77371.2,62314.37,104138.13
35,82,Europe,2019-12-31,340272.53,27143.09,92695.07,69049.36,122157.31
35,78,Europe,2020-01-31,143929.21,17649.75,33708.57,22666.45,53114.64
35,90,Europe,2020-02-29,178333.51,8977.58,38313.7,22232.18,64219.82
35,75,Europe,2020-03-31,257126.58,9818.81,58140.4,51926.24,95311.7
35,87,Europe,2020-04-30,201828.42,4022.48,57409.55,25052.04,74681.3
35,87,Europe,2020-05-31,234614.87,17989.09,62151.36,33774.25,76876.65
35,90,Europe,2020-06-30,258180.06,6274.88,54801.12,39433.87,106630.57
35,80,Europe,2020-07-31,193875.81,22614.79,44464.57,24975.88,77955.0
35,79,Europe,2020-08-31,219324.43,10654.99,57144.85,28529.45,83962.93
35,82,Europe,2020-09-30,297090.22,13038.95,68701.67,37885.15,109109.85
35,90,Europe,2020-10-31,280278.9,26863.05,65929.72,38225.44,85605.22
35,86,Europe,2020-11-30,366018.6,17613.33,77522.37,46435.86,141034.24
35,84,Europe,2020-12-31,505648.66,1929.73,116027.39,56228.38,172825.41
35,80,Europe,2021-01-31,140735.7,24794.52,33932.37,22492.12,44697.25
35,82,Europe,2021-02-28,164005.56,17342.76,36801.43,15100.0,65539.34
35,79,Europe,2021-03-31,260526.9,12577.74,61434.37,35610.46,95175.73
35,84,Europe,2021-04-30,170249.67,15229.81,48092.27,35370.55,55471.96
35,85,Europe,2021-05-31,265249.66,28373.74,72637.95,36149.39,88631.69
35,89,Europe,2021-06-30,335278.66,23274.88,85932.63,70185.1,115329.05
35,90,Europe,2021-07-31,222392.67,12690.51,63666.29,45936.61,85703.99
35,82,Europe,2021-08-31,221049.21,25388.32,54255.88,32902.63,80428.0
35,81,Europe,2021-09-30,390588.84,17242.01,95388.3,62195.26,127219.34
35,87,Europe,2021-10-31,230398.16,14187.6,60399.03,33055.58,83950.96
35,75,Europe,2021-11-30,424467.27,8862.69,118533.71,72099.27,172473.79
35,83,Europe,2021-12-31,464473.6,19733.89,91130.67,64124.64,148197.78
35,89,Europe,2022-01-31,117417.05,24042.03,26070.29,21968.27,39117.04
35,79,Europe,2022-02-28,193548.05,18255.57,42566.53,19717.23,65117.13
35,86,Europe,2022-03-31,247771.78,9469.14,53021.94,40829.26,86306.55
35,86,Europe,2022-04-30,223104.99,20280.05,44723.06,30403.91,74407.59
35,87,Europe,2022-05-31,294435.08,7173.41,80806.95,54756.7,110801.4
35,81,Europe,2022-06-30,306290.07,19611.98,72769.71,55282.27,123062.29
35,75,Europe,2022-07-31,303914.71,17022.24,87596.69,40569.88,122425.28
35,78,Europe,2022-08-31,245728.57,10119.53,62628.28,44473.16,78234.0
35,77,Europe,2022-09-30,380860.81,8424.78,77734.43,46310.78,126358.59
35,82,Europe,2022-10-31,294688.94,19973.79,91216.91,52930.22,112958.28
35,82,Europe,2022-11-30,392907.0,9714.56,106916.3,58748.41,122661.45
35,83,Europe,2022-12-31,458805.38,28839.74,97935.76,95692.84,170020.24
36,17,South America,2018-01-31,83007.22,22500.67,19459.5,14834.16,31107.82
36,17,South America,2018-02-28,121278.32,8891.45,34318.75,18720.78,39503.74
36,18,South America,2018-03-31,223169.16,7239.05,64870.09,25786.62,70707.52
36,18,South America,2018-04-30,154870.95,16430.57,41114.52,15100.36,52419.82
36,17,South America,2018-05-31,193413.54,11736.1,42903.46,35724.38,79992.89
36,17,South America,2018-06-30,278065.59,9139.04,54948.19,36702.73,109558.81
36,18,South America,2018-07-31,204754.15,19239.57,52485.35,25244.98,66845.27
36,17,South America,2018-08-31,160668.51,25138.61,45593.75,19743.63,57740.15
36,17,South America,2018-09-30,251636.95,3669.13,53495.22,40071.02,97074.97
36,18,South America,2018-10-31,218126.34,16374.9,48935.12,22980.89,67667.38
36,19,South America,2018-11-30,269788.38,11001.62,66499.33,30899.0,80675.19
36,18,South America,2018-12-31,366065.06,26976.66,91492.86,40250.53,129989.58
36,18,South America,2019-01-31,102063.18,11851.01,27981.45,15398.34,38582.81
36,17,South America,2019-02-28,164977.69,10208.59,44398.8,24960.58,59272.43
36,17,South America,2019-03-31,191037.69,28366.74,55910.59,25902.26,68788.13
36,17,South America,2019-04-30,155537.1,22171.21,34420.94,19600.33,43280.33
36,19,South America,2019-05-31,194959.05,22131.62,58420.77,35392.89,63114.35
36,17,South America,2019-06-30,241406.42,1585.15,62503.1,48857.97,74983.02
36,18,South America,2019-07-31,200540.25,20366.5,50699.39,19119.03,69194.77
36,17,South America,2019-08-31,226885.43,3976.32,51881.03,28759.44,76314.41
36,17,South America,2019-09-30,238241.02,4164.5,60074.64,29988.32,80357.55
36,18,South America,2019-10-31,255800.84,13000.54,63654.58,41588.17,94961.39
36,18,South America,2019-11-30,378610.79,9678.36,81132.48,44013.53,146984.34
36,18,South America,2019-12-31,382329.28,4672.59,106578.52,44576.99,122249.63
36,18,South America,2020-01-31,105427.49,16575.59,29556.01,17097.66,41492.64
36,18,South America,2020-02-29,159826.71,4229.8,44388.99,18934.09,57536.21
36,19,South America,2020-03-31,206667.52,14019.37,59945.65,30304.12,58135.99
36,18,South America,2020-04-30,187304.27,20957.74,40344.29,23093.97,63374.74
36,17,South America,2020-05-31,209445.11,29641.63,60053.49,36254.33,65210.4
36,17,South America,2020-06-30,316387.67,2880.52,86045.75,48329.52,96792.19
36,19,South America,2020-07-31,186338.44,5720.06,53217.54,36717.55,53584.45
36,19,South America,2020-08-31,248125.64,23902.08,59999.3,41153.47,89218.3
36,19,South America,2020-09-30,352150.29,23589.51,76687.32,53827.84,111218.97
36,18,South America,2020-10-31,231394.92,1937.21,53498.51,32090.65,74999.58
36,17,South America,2020-11-30,308202.53,25439.56,71528.55,38974.11,84018.94
36,17,South America,2020-12-31,394828.58,21321.22,89675.2,72931.97,167505.38
36,18,South America,2021-01-31,137749.88,29767.78,30317.66,24975.46,59540.84
36,18,South America,2021-02-28,230406.66,12354.57,63038.27,29303.67,73161.59
36,17,South America,2021-03-31,264469.14,15951.27,78481.72,28732.32,98025.46
36,18,South America,2021-04-30,236333.39,22317.11,53335.73,44767.33,86594.29
36,18,South America,2021-05-31,255531.02,1462.59,64912.28,46370.9,91653.02
36,19,South America,2021-06-30,389112.38,14903.74,113786.17,58642.38,128818.39
36,17,South America,2021-07-31,190810.62,27775.2,57635.07,35344.66,72182.02
36,19,South America,2021-08-31,207478.26,1686.75,40148.04,42637.62,82284.12
36,19,South America,2021-09-30,378689.08,24131.09,77304.43,49725.61,108132.5
36,19,South America,2021-10-31,315659.21,13686.99,97497.01,46299.65,97531.11
36,18,South America,2021-11-30,423798.36,923.42,105089.45,80758.41,135294.07
36,17,South America,2021-12-31,514701.36,22767.63,130484.94,102847.47,176000.58
36,18,South America,2022-01-31,155900.56,27905.06,33472.56,19016.23,60311.2
36,17,South America,2022-02-28,200191.98,14967.39,56368.2,38537.81,70976.49
36,19,South America,2022-03-31,299424.84,17145.79,63755.42,32324.95,100468.75
36,17,South America,2022-04-30,171177.97,29042.2,51610.1,18428.56,57484.44
36,18,South America,2022-05-31,220201.94,29462.27,51340.62,43754.77,93752.73
36,18,South America,2022-06-30,353182.86,25420.5,86396.57,41228.22,107248.04
36,17,South America,2022-07-31,240878.12,29620.81,60448.66,44116.78,88368.41
36,19,South America,2022-08-31,236602.98,17457.84,76332.01,32688.37,91336.25
36,18,South America,2022-09-30,369313.4,2878.76,102665.46,37908.78,127753.12
36,18,South America,2022-10-31,296505.97,16544.01,70793.02,28453.76,95531.39
36,19,South America,2022-11-30,383123.86,16231.54,87126.85,78105.42,123507.07
36,19,South America,2022-12-31,507723.33,597.97,108144.4,64747.12,165632.22
37,59,South America,2018-01-31,93537.35,18764.09,25209.54,13953.4,35328.26
37,64,South America,2018-02-28,165617.33,26752.06,32884.87,33068.25,59372.45
37,61,South America,2018-03-31,198576.66,8033.88,43954.81,28966.95,82387.24
37,64,South America,2018-04-30,171176.11,6724.62,34164.24,30334.11,52560.16
37,71,South America,2018-05-31,173423.94,2220.94,49730.45,18583.89,67706.75
37,63,South America,2018-06-30,221626.24,22976.39,50986.73,38778.19,73466.56
37,63,South America,2018-07-31,160560.05,1895.34,42226.34,30386.65,59678.56
37,64,South America,2018-08-31,200666.15,15103.52,38842.32,25041.77,67473.54
37,68,South America,2018-09-30,238846.55,20603.67,52023.17,27282.4,70437.22
37,64,South America,2018-10-31,231650.34,16701.59,63291.2,32376.01,75871.84
37,67,South America,2018-11-30,324352.93,7022.94,89983.26,55164.26,114478.66
37,63,South America,2018-12-31,337340.85,10843.32,100378.25,45857.77,111719.09
37,67,South America,2019-01-31,101454.62,17843.11,26038.1,11711.24,34991.63
37,65,South America,2019-02-28,155574.19,17715.94,47537.21,22167.72,50095.42
37,61,South America,2019-03-31,257613.75,23004.11,62097.32,37278.39,90982.84
37,71,South America,2019-04-30,193348.1,17442.63,46003.69,32657.86,62972.7
37,61,South America,2019-05-31,165000.56,25203.39,31955.64,20047.62,62740.25
37,68,South America,2019-06-30,236179.58,11976.02,47211.69,36523.73,82348.14
37,59,South America,2019-07-31,226222.37,24210.41,45675.76,39892.16,68529.57
37,61,South America,2019-08-31,192275.61,25555.93,43080.82,24394.58,54499.04
37,62,South America,2019-09-30,285676.14,1184.44,73350.9,51710.77,83564.69
37,59,South America,2019-10-31,223342.75,24464.99,68537.51,25804.29,96097.38
37,61,South America,2019-11-30,381486.8,20734.06,74923.9,40699.46,126789.58
37,69,South America,2019-12-31,457995.52,29139.89,92886.05,81594.84,141733.84
37,64,South America,2020-01-31,119946.56,15168.32,24339.47,16231.44,44362.16
37,68,South America,2020-02-29,152233.18,24516.79,28802.37,21331.4,61047.59
37,70,South America,2020-03-31,219503.74,9789.28,55752.09,39313.48,77300.71
37,70,South America,2020-04-30,204594.06,20924.91,47295.38,34869.69,80152.3
37,59,South America,2020-05-31,226700.96,22024.42,54960.65,34601.33,78954.79
37,70,South America,2020-06-30,276268.53,1236.26,58601.43,56699.27,93236.19
37,61,South America,2020-07-31,201970.65,29647.43,44396.22,35737.35,70921.2
37,69,South America,2020-08-31,179686.05,18286.68,41362.11,22089.41,62963.88
37,67,South America,2020-09-30,369018.6,12854.19,109417.48,39077.44,151918.77
37,65,South America,2020-10-31,296501.55,25772.79,72013.38,41689.69,82429.48
37,67,South America,2020-11-30,406669.0,6526.48,107167.81,43584.98,126626.33
37,67,South America,2020-12-31,488136.05,9764.13,99861.46,75479.46,159890.68
37,70,South America,2021-01-31,105326.23,7733.24,23884.89,10980.68,35654.5
37,59,South America,2021-02-28,198759.56,11257.24,56716.45,31537.84,82308.42
37,60,South America,2021-03-31,264779.19,8186.14,81061.85,37271.39,84988.96
37,69,South America,2021-04-30,210760.78,21966.14,47987.17,28343.48,71742.2
37,67,South America,2021-05-31,223995.46,23543.27,56073.79,25364.61,66346.54
37,59,South America,2021-06-30,286030.45,1057.33,73436.6,53400.73,86219.12
37,71,South America,2021-07-31,273202.24,23331.2,59524.07,38431.61,116072.04
37,65,South America,2021-08-31,246990.68,10371.47,59258.09,38858.9,96621.88
37,62,South America,2021-09-30,307361.05,13939.38,75355.82,37827.53,109602.66
37,69,South America,2021-10-31,225298.65,23450.34,57691.18,23606.68,82537.53
37,65,South America,2021-11-30,357552.04,28966.78,67208.53,55707.32,116910.52
37,60,South America,2021-12-31,407308.76,27880.52,94493.68,42991.24,128210.67
37,64,South America,2022-01-31,144774.01,7285.94,37325.62,17765.58,48439.25
37,63,South America,2022-02-28,216726.93,24144.37,55248.07,23854.71,81245.26
37,67,South America,2022-03-31,295616.73,15665.18,79669.62,50568.73,106086.45
37,61,South America,2022-04-30,210249.9,28935.42,54140.76,33403.48,58937.12
37,59,South America,2022-05-31,285065.93,19461.78,64115.79,35512.82,99194.93
37,66,South America,2022-06-30,389533.81,15108.24,113932.74,44513.47,158553.36
37,66,South America,2022-07-31,259881.77,2209.83,63016.98,52497.55,98225.54
37,64,South America,2022-08-31,221416.85,25733.21,55009.87,25510.73,90469.41
37,62,South America,2022-09-30,423470.98,12386.64,80149.95,47700.78,140843.4
37,70,South America,2022-10-31,326180.73,9592.45,71106.07,48066.69,124870.51
37,68,South America,2022-11-30,372953.25,10106.08,96098.03,62559.53,144154.25
37,70,South America,2022-12-31,550832.22,19635.43,144747.86,98584.68,207333.59
38,63,Asia,2018-01-31,89639.42,9457.54,26429.83,15237.69,29369.04
38,66,Asia,2018-02-28,177813.01,1081.23,46006.26,27804.82,68159.54
38,64,Asia,2018-03-31,217174.05,13671.58,64617.04,37300.53,72278.47
38,63,Asia,2018-04-30,139763.16,6609.71,38236.4,18681.29,52490.08
38,61,Asia,2018-05-31,159965.64,19206.58,43036.67,20550.54,55349.66
38,63,Asia,2018-06-30,266164.65,24832.86,65311.75,43648.43,81347.11
38,67,Asia,2018-07-31,181277.76,15919.07,34165.48,23044.72,60856.18
38,71,Asia,2018-08-31,213410.6,17055.85,47886.7,19945.21,72334.38
38,65,Asia,2018-09-30,220971.94,7467.41,49605.03,37168.98,85210.99
38,67,Asia,2018-10-31,228000.42,21482.75,57867.02,41425.36,81309.37
38,62,Asia,2018-11-30,349955.35,24145.77,81429.44,57738.71,102866.83
38,59,Asia,2018-12-31,371697.41,2266.05,73757.45,56562.46,124171.38
38,69,Asia,2019-01-31,105692.08,7729.86,25690.31,19573.95,43759.85
38,60,Asia,2019-02-28,134752.44,13496.68,32214.13,14159.39,47042.32
38,63,Asia,2019-03-31,179535.51,20216.68,49476.0,31642.73,75126.64
38,60,Asia,2019-04-30,149197.52,8267.69,33072.4,30249.04,56658.78
38,67,Asia,2019-05-31,223251.7,15153.37,62392.24,43523.14,68022.55
38,70,Asia,2019-06-30,306029.42,15062.71,81425.63,61376.35,99721.93
38,70,Asia,2019-07-31,226093.25,10599.94,63172.5,33125.26,77064.15
38,70,Asia,2019-08-31,210858.08,4268.37,47278.69,34764.41,65745.64
38,62,Asia,2019-09-30,344937.43,25193.52,98906.52,33469.55,132126.98
38,59,Asia,2019-10-31,254537.88,20999.17,74956.68,38412.89,88785.36
38,61,Asia,2019-11-30,317121.05,18918.93,70333.6,48848.34,125192.21
38,65,Asia,2019-12-31,420447.73,29592.66,130041.19,44168.42,121359.9
38,63,Asia,2020-01-31,98012.91,5773.37,26690.61,16562.34,37142.53
38,63,Asia,2020-02-29,199504.3,137.07,54293.66,37753.31,62989.55
38,63,Asia,2020-03-31,254897.15,26985.08,72537.44,29043.79,78684.86
38,63,Asia,2020-04-30,173923.57,14109.26,42725.31,17844.56,63310.37
38,62,Asia,2020-05-31,240843.63,5816.29,67059.55,35937.83,75604.91
38,71,Asia,2020-06-30,359442.27,13606.11,73081.95,38426.82,122629.92
38,60,Asia,2020-07-31,196518.8,24994.33,42176.25,18531.92,69726.94
38,61,Asia,2020-08-31,256642.48,4632.3,72340.03,45875.49,96053.75
38,61,Asia,2020-09-30,292486.48,2937.25,77978.31,37247.37,92251.95
38,71,Asia,2020-10-31,232079.59,17845.98,69899.05,46391.14,68585.35
38,60,Asia,2020-11-30,370558.27,26547.53,74136.5,68151.08,128926.52
38,67,Asia,2020-12-31,465094.49,28471.24,99264.79,83767.55,176433.24
38,68,Asia,2021-01-31,109848.25,3924.64,32343.05,17721.84,43825.55
38,64,Asia,2021-02-28,191884.86,29414.61,57215.83,35223.07,68238.54
38,70,Asia,2021-03-31,309004.61,17909.99,85397.47,37510.69,105163.44
38,64,Asia,2021-04-30,238442.48,25531.27,70454.32,35298.25,89602.39
38,59,Asia,2021-05-31,234555.56,16087.43,51882.44,34478.17,71379.88
38,68,Asia,2021-06-30,331370.71,8743.55,98730.19,56179.82,106184.68
38,70,Asia,2021-07-31,258671.89,11861.77,59654.43,29189.81,99694.46
38,68,Asia,2021-08-31,252444.41,8635.21,63347.4,43958.08,86714.29
38,64,Asia,2021-09-30,305626.79,27668.44,73554.24,43977.1,91251.09
38,62,Asia,2021-10-31,228470.54,27359.27,57042.45,37290.9,95105.36
38,63,Asia,2021-11-30,342085.0,21317.98,73149.1,31315.71,125033.73
38,63,Asia,2021-12-31,479426.19,20306.57,122299.48,68337.3,168703.24
38,69,Asia,2022-01-31,138083.99,6701.82,30904.72,17473.41,50664.84
38,68,Asia,2022-02-28,252107.47,20095.28,75338.59,28067.42,93880.82
38,67,Asia,2022-03-31,266499.0,20233.0,75158.02,27503.19,103074.24
38,64,Asia,2022-04-30,222201.02,8187.57,60228.48,40269.25,69796.34
38,63,Asia,2022-05-31,204194.44,13352.9,61609.85,33064.81,65119.45
38,59,Asia,2022-06-30,308439.49,19732.11,65590.19,37509.91,94483.46
38,64,Asia,2022-07-31,268999.72,10073.8,59050.33,29154.3,88596.99
38,61,Asia,2022-08-31,238059.15,7312.1,52886.83,35968.75,85661.84
38,70,Asia,2022-09-30,335903.19,29072.35,94698.8,69469.49,115124.99
38,64,Asia,2022-10-31,271449.58,1732.09,63327.91,42482.89,85091.34
38,69,Asia,2022-11-30,351920.7,1312.55,81081.37,44078.2,110530.42
38,71,Asia,2022-12-31,447814.8,17848.2,113257.39,57836.18,156427.3
39,47,South America,2018-01-31,113904.71,27607.75,25229.35,21821.78,36329.68
39,49,South America,2018-02-28,123929.61,9824.61,24283.78,13826.05,45116.68
39,49,South America,2018-03-31,226813.69,27152.67,50047.74,38011.46,71002.02
39,46,South America,2018-04-30,156908.8,4147.89,48122.06,21948.75,57219.44
39,55,South America,2018-05-31,176746.6,8720.99,41314.15,34022.06,57027.88
39,49,South America,2018-06-30,306421.12,23868.27,62241.92,32569.94,121629.87
39,51,South America,2018-07-31,170431.68,21758.14,35548.02,18470.28,58374.92
39,49,South America,2018-08-31,183132.31,8332.11,54266.55,19889.31,66318.32
39,49,South America,2018-09-30,234640.15,21637.24,57271.37,32686.82,86859.82
39,47,South America,2018-10-31,254051.51,6081.5,58396.78,51832.89,93466.77
39,53,South America,2018-11-30,322608.73,22638.19,60756.64,52016.47,113651.73
39,48,South America,2018-12-31,347608.58,29662.6,92272.9,42980.38,130252.05
39,47,South America,2019-01-31,127638.44,18053.61,34811.3,22305.19,49905.86
39,53,South America,2019-02-28,174997.73,29678.54,34534.78,30702.5,51284.53
39,47,South America,2019-03-31,252887.94,28044.98,69778.07,44673.31,85855.01
39,55,South America,2019-04-30,172861.26,20026.86,41584.79,23197.86,66447.57
39,51,South America,2019-05-31,210356.18,5047.39,45933.4,23297.27,61455.99
39,51,South America,2019-06-30,288677.09,25321.41,73550.95,44139.72,91974.72
39,45,South America,2019-07-31,182473.95,2215.39,40343.74,29667.51,76152.41
39,55,South America,2019-08-31,189141.9,7802.77,51795.92,27599.76,56919.13
39,48,South America,2019-09-30,326297.89,5737.62,83857.56,47293.95,111758.94
39,51,South America,2019-10-31,273527.86,29289.39,54272.61,44457.38,99131.18
39,49,South America,2019-11-30,324724.85,14177.34,71891.27,36335.99,111289.52
39,51,South America,2019-12-31,454724.68,17370.51,94379.67,76456.49,146854.97
39,55,South America,2020-01-31,119504.31,28371.34,30459.88,20389.72,36894.44
39,52,South America,2020-02-29,168877.84,9787.09,41571.88,18955.19,59408.2
39,46,South America,2020-03-31,207570.43,11708.91,63449.54,36441.93,67323.56
39,50,South America,2020-04-30,176304.83,2585.19,50815.84,32928.12,63612.24
39,51,South America,2020-05-31,241964.44,1480.62,52886.35,31051.31,80891.9
39,45,South America,2020-06-30,271851.18,20735.0,77138.75,53613.54,94102.32
39,50,South America,2020-07-31,202443.6,6721.7,46476.98,32011.67,76834.48
39,54,South America,2020-08-31,236612.75,15553.07,60159.21,25065.68,72085.85
39,54,South America,2020-09-30,356794.92,6272.53,70014.95,51547.29,130356.83
39,49,South America,2020-10-31,222635.79,18729.91,63149.34,43931.57,70885.6
39,50,South America,2020-11-30,300253.39,7792.06,74558.57,31950.69,98049.72
39,54,South America,2020-12-31,370207.18,2418.63,77701.06,74027.41,124629.71
39,50,South America,2021-01-31,126915.5,28264.92,35132.7,23971.03,46372.9
39,50,South America,2021-02-28,179707.47,20336.09,42289.19,22105.11,66107.6
39,50,South America,2021-03-31,250601.9,5261.6,63581.55,34382.97,78851.63
39,55,South America,2021-04-30,217712.6,22047.45,56880.11,41863.56,71119.13
39,53,South America,2021-05-31,262962.05,23044.57,69006.64,44533.29,104230.9
39,50,South America,2021-06-30,303735.2,16850.19,80305.88,39176.55,112636.47
39,51,South America,2021-07-31,244235.11,2924.27,78761.61,34731.31,92241.84
39,54,South America,2021-08-31,206386.26,23182.46,46889.51,29289.45,58087.96
39,48,South America,2021-09-30,382976.13,6033.33,112982.99,45161.14,165004.93
39,52,South America,2021-10-31,251471.0,20431.12,52126.73,26782.96,75332.99
39,45,South America,2021-11-30,376838.11,13263.92,105532.32,79154.39,132829.94
39,55,South America,2021-12-31,411854.49,26492.03,127517.73,45759.95,172758.83
39,55,South America,2022-01-31,150217.18,12159.74,32998.74,19328.67,47304.48
39,46,South America,2022-02-28,245855.07,14755.73,54737.31,43814.54,99290.08
39,49,South America,2022-03-31,243439.27,15765.15,57582.48,38325.69,82101.58
39,48,South America,2022-04-30,187906.92,13196.61,41162.91,21689.29,72545.06
39,49,South America,2022-05-31,244573.45,13347.67,70855.08,35964.27,71807.56
39,50,South America,2022-06-30,384892.68,19510.24,84020.18,45092.52,127821.25
39,51,South America,2022-07-31,271545.11,1580.68,77310.9,33570.35,86457.62
39,49,South America,2022-08-31,228442.11,11490.33,54895.0,25149.01,73230.17
39,47,South America,2022-09-30,311187.74,18888.77,82428.98,44616.16,100000.38
39,48,South America,2022-10-31,295026.52,15584.18,73906.59,45997.52,100749.58
39,54,South America,2022-11-30,450241.3,16586.0,102602.25,57008.47,154347.77
39,53,South America,2022-12-31,557928.26,18132.79,149500.74,57898.93,185245.18
40,59,South America,2018-01-31,112516.02,27111.37,28272.52,14702.07,43794.67
40,71,South America,2018-02-28,147560.58,8760.66,34419.03,30065.7,57924.22
40,61,South America,2018-03-31,226508.4,2794.22,52044.03,29287.55,73794.94
40,60,South America,2018-04-30,138682.03,18631.09,29772.96,27270.69,51008.2
40,60,South America,2018-05-31,183414.99,935.19,49144.36,20759.52,73879.95
40,71,South America,2018-06-30,311517.27,4558.29,66161.17,41352.71,98967.18
40,67,South America,2018-07-31,174435.98,25668.89,42974.32,34472.52,70494.23
40,64,South America,2018-08-31,219597.93,490.85,43899.99,39881.14,79322.17
40,68,South America,2018-09-30,257857.64,10067.59,68799.07,49694.49,93105.37
40,62,South America,2018-10-31,236057.85,8272.63,43583.3,29396.02,65260.65
40,70,South America,2018-11-30,266068.2,19660.16,66613.7,34060.48,97431.43
40,71,South America,2018-12-31,399998.74,25567.04,117618.75,39450.05,136874.7
40,64,South America,2019-01-31,98978.0,50.21,26799.05,16308.94,35527.16
40,61,South America,2019-02-28,177831.6,11107.64,44497.89,21277.45,62534.8
40,59,South America,2019-03-31,215335.32,21601.65,47711.98,26643.9,90316.43
40,63,South America,2019-04-30,190943.44,12317.98,50855.39,26632.65,76045.68
40,65,South America,2019-05-31,182547.85,14853.91,51500.9,21424.73,72860.23
40,65,South America,2019-06-30,267982.09,22005.79,58123.17,46987.29,84536.15
40,62,South America,2019-07-31,190717.62,23341.91,42492.93,32690.33,71684.4
40,61,South America,2019-08-31,231190.67,11823.44,49662.36,31579.77,91251.72
40,60,South America,2019-09-30,325450.41,9266.25,69034.53,56722.44,111298.89
40,68,South America,2019-10-31,201287.58,11894.04,57126.86,38672.95,69040.93
40,70,South America,2019-11-30,386360.68,23971.56,116982.13,59329.2,110947.24
40,67,South America,2019-12-31,424116.71,22988.64,118832.92,46594.91,160261.45
40,68,South America,2020-01-31,143049.0,2002.99,34052.46,16746.52,49636.21
40,67,South America,2020-02-29,180208.53,29322.85,53818.86,17139.05,62297.76
40,66,South America,2020-03-31,280946.13,22167.12,55739.11,39412.77,95209.92
40,68,South America,2020-04-30,219532.04,8559.58,54713.99,31783.96,61307.2
40,63,South America,2020-05-31,257580.05,17791.72,66773.05,31070.41,83378.75
40,62,South America,2020-06-30,271042.75,24056.06,64001.61,44911.28,109013.13
40,59,South America,2020-07-31,222897.25,12603.5,45774.06,23842.9,79764.78
40,70,South America,2020-08-31,263515.34,6629.45,55986.39,40209.61,100604.88
40,70,South America,2020-09-30,275016.86,12170.46,82313.48,35218.46,113922.1
40,62,South America,2020-10-31,217713.96,12761.34,57503.34,37079.14,69305.82
40,63,South America,2020-11-30,316776.17,1448.43,63166.34,53630.35,125982.48
40,62,South America,2020-12-31,463530.69,27700.83,133052.61,65376.5,153460.33
40,62,South America,2021-01-31,144884.99,23875.93,34268.04,25037.42,48038.33
40,64,South America,2021-02-28,224260.8,18321.22,68004.04,27908.67,74435.63
40,71,South America,2021-03-31,284301.61,22648.17,63615.16,58294.05,96784.66
40,60,South America,2021-04-30,205075.76,21395.4,39404.78,27893.99,83021.0
40,63,South America,2021-05-31,265808.06,24763.83,51918.19,39725.74,88929.23
40,69,South America,2021-06-30,303144.99,13623.16,81815.71,59531.92,95408.32
40,64,South America,2021-07-31,262637.78,18762.31,56716.58,34659.94,90000.51
40,70,South America,2021-08-31,250311.58,16089.11,57702.68,45927.03,94591.74
40,69,South America,2021-09-30,383733.77,21155.26,89384.12,78264.68,132522.04
40,61,South America,2021-10-31,314332.06,23818.52,65033.09,55393.03,94154.48
40,64,South America,2021-11-30,445239.82,27929.11,132578.76,44801.41,148758.78
40,69,South America,2021-12-31,563462.54,21675.48,109583.06,110501.32,213148.17
40,71,South America,2022-01-31,135924.41,19372.38,35648.9,19412.64,51736.23
40,65,South America,2022-02-28,211075.81,10627.57,57000.79,31566.48,85145.95
40,69,South America,2022-03-31,290396.13,26710.77,59627.98,28936.94,86875.91
40,71,South America,2022-04-30,201653.65,16721.15,46076.97,34485.41,83290.4
40,67,South America,2022-05-31,202853.78,9992.27,46404.78,23155.07,74059.42
40,59,South America,2022-06-30,350065.73,7157.12,90637.01,57674.58,126610.72
40,60,South America,2022-07-31,243111.33,14885.97,50653.49,29854.18,70367.71
40,68,South America,2022-08-31,257524.24,16328.16,56454.11,25875.46,109446.65
40,62,South America,2022-09-30,409960.9,492.2,87940.49,51514.96,157753.28
40,61,South America,2022-10-31,302424.2,22287.27,93760.81,49028.83,128868.45
40,69,South America,2022-11-30,468486.95,22442.33,121703.92,95089.05,178988.73
40,70,South America,2022-12-31,610073.29,7464.95,179308.64,109811.37,226567.42
41,49,South America,2018-01-31,89601.34,23921.26,20575.26,15066.95,33187.2
41,49,South America,2018-02-28,155031.94,18017.95,36998.33,18332.42,54586.89
41,59,South America,2018-03-31,187142.35,27604.25,43981.92,34371.98,62446.45
41,50,South America,2018-04-30,140948.01,25442.27,30509.81,23579.88,50635.48
41,51,South America,2018-05-31,163353.59,23419.49,37338.57,20692.61,59103.5
41,57,South America,2018-06-30,239060.66,1618.53,47025.8,26725.32,80095.29
41,53,South America,2018-07-31,206106.32,18376.51,53438.86,23119.39,79036.33
41,51,South America,2018-08-31,180217.52,24573.11,38619.98,30243.43,61839.54
41,56,South America,2018-09-30,301274.75,21079.6,66462.7,52999.19,123526.35
41,59,South America,2018-10-31,200022.82,13450.5,46570.31,31232.18,68700.33
41,51,South America,2018-11-30,328498.39,16217.96,92267.95,38026.05,112343.3
41,57,South America,2018-12-31,309519.88,1963.93,82073.3,51872.5,102199.55
41,56,South America,2019-01-31,108811.45,13294.57,21450.52,12756.04,30732.81
41,50,South America,2019-02-28,159429.29,28905.14,36229.59,24003.03,51340.11
41,54,South America,2019-03-31,187028.96,12793.88,44379.87,36236.08,53607.1
41,51,South America,2019-04-30,136919.78,26308.63,35495.13,15037.44,51049.46
41,53,South America,2019-05-31,208383.0,12247.46,57384.4,37180.44,65669.75
41,55,South America,2019-06-30,334952.73,3135.73,71059.81,65725.09,114964.57
41,53,South America,2019-07-31,202767.25,11766.59,50359.99,23771.41,62840.06
41,52,South America,2019-08-31,214213.05,11060.83,54629.32,23572.11,66335.35
41,53,South America,2019-09-30,253227.17,11100.82,62039.53,39627.57,82236.46
41,50,South America,2019-10-31,237279.47,11464.38,60148.14,41014.46,92988.69
41,49,South America,2019-11-30,310873.53,21859.27,78260.81,53832.66,92784.4
41,52,South America,2019-12-31,338209.27,17814.75,92914.24,42248.21,136740.41
41,59,South America,2020-01-31,97311.2,19661.06,24419.24,10396.87,31873.72
41,58,South America,2020-02-29,169251.71,8893.23,42830.21,29576.76,64338.9
41,50,South America,2020-03-31,225789.43,22404.82,63597.32,33639.11,87945.89
41,58,South America,2020-04-30,195037.79,7290.5,49140.71,19448.07,64077.36
41,59,South America,2020-05-31,174538.37,20606.65,53449.28,21289.33,64322.02
41,55,South America,2020-06-30,293454.84,9270.99,92996.18,48605.87,103252.78
41,58,South America,2020-07-31,241775.34,13691.3,58070.32,43131.11,87648.85
41,53,South America,2020-08-31,230629.18,19938.08,55671.96,37448.69,90325.2
41,54,South America,2020-09-30,254535.68,14134.98,58494.62,33791.22,99488.95
41,54,South America,2020-10-31,212269.95,21010.95,39639.59,32501.8,78917.66
41,52,South America,2020-11-30,389657.8,17292.8,103895.57,41258.87,143749.99
41,53,South America,2020-12-31,391721.43,3256.66,92693.4,48743.39,155063.44
41,49,South America,2021-01-31,104295.11,10769.94,22023.69,20283.77,38792.21
41,56,South America,2021-02-28,171245.18,14292.51,43968.01,30858.42,61598.22
41,52,South America,2021-03-31,284905.85,22243.01,84616.54,42335.44,100604.38
41,57,South America,2021-04-30,237346.21,1029.17,54820.1,29224.36,75148.02
41,58,South America,2021-05-31,189999.48,20406.61,53578.3,25084.14,60696.59
41,53,South America,2021-06-30,362921.84,29773.95,73476.17,60630.82,124992.3
41,55,South America,2021-07-31,247266.54,7247.71,47612.56,24138.78,87821.8
41,55,South America,2021-08-31,191968.42,12552.59,55731.3,39158.49,71912.33
41,58,South America,2021-09-30,355943.45,18516.45,96076.36,55109.78,121563.33
41,52,South America,2021-10-31,309279.89,15548.39,82846.76,47105.99,105414.68
41,52,South America,2021-11-30,333945.61,3719.5,106873.19,31959.59,120583.29
41,58,South America,2021-12-31,513023.05,16980.81,150908.91,66881.62,153845.28
41,59,South America,2022-01-31,149635.29,11313.75,41038.88,24112.38,52720.75
41,53,South America,2022-02-28,221346.89,8230.68,49483.25,29237.68,81536.48
41,58,South America,2022-03-31,300561.6,4756.96,70140.91,34531.14,104865.47
41,53,South America,2022-04-30,207502.05,17894.64,41008.65,26247.49,79064.38
41,54,South America,2022-05-31,209800.98,17318.05,45560.6,26901.91,77111.97
41,59,South America,2022-06-30,343860.77,18519.05,98422.38,61388.78,111737.66
41,53,South America,2022-07-31,223718.82,23937.08,54931.11,35613.8,75734.93
41,51,South America,2022-08-31,217030.66,17637.3,52539.29,22458.35,77823.25
41,58,South America,2022-09-30,375701.57,15384.37,99825.64,81473.59,156344.5
41,59,South America,2022-10-31,342323.21,19926.07,74699.46,64199.16,100060.8
41,56,South America,2022-11-30,404765.03,8953.89,98478.1,69145.78,148307.8
41,50,South America,2022-12-31,520757.62,21587.97,124148.83,54147.13,181265.8
42,53,Asia,2018-01-31,98969.66,25794.22,22265.37,11228.13,37584.1
42,61,Asia,2018-02-28,134834.84,4665.34,36188.88,21088.34,46854.58
42,62,Asia,2018-03-31,186968.71,21909.33,44322.5,34744.9,65403.31
42,54,Asia,2018-04-30,147974.54,9880.12,39009.02,23798.86,53279.5
42,54,Asia,2018-05-31,204224.04,29404.69,58205.75,25382.79,70296.68
42,61,Asia,2018-06-30,261873.62,29096.28,77722.67,46242.07,81872.61
42,60,Asia,2018-07-31,210057.09,21973.92,53179.82,34293.95,73367.7
42,55,Asia,2018-08-31,206413.5,16210.91,47747.17,40704.01,72520.63
42,60,Asia,2018-09-30,265263.85,18217.75,58841.0,48453.52,103404.95
42,56,Asia,2018-10-31,197244.3,10019.53,59887.05,28712.89,73111.26
42,59,Asia,2018-11-30,261439.92,10323.25,69686.61,29618.95,88300.95
42,60,Asia,2018-12-31,427484.58,20206.65,114018.28,79100.26,140331.48
42,59,Asia,2019-01-31,90301.5,11899.37,24407.5,9531.87,28229.57
42,59,Asia,2019-02-28,180430.4,11078.06,44360.92,29470.39,66802.9
42,55,Asia,2019-03-31,222532.34,20099.14,54011.49,32512.31,74769.1
42,57,Asia,2019-04-30,156511.97,2347.39,29760.6,18478.19,64327.91
42,63,Asia,2019-05-31,220691.67,25936.72,45031.97,35705.27,75466.42
42,57,Asia,2019-06-30,259725.24,6858.63,61493.19,49044.76,89162.47
42,53,Asia,2019-07-31,212304.27,523.77,60748.1,44388.07,78120.7
42,61,Asia,2019-08-31,195135.08,4767.22,54705.82,24557.64,73788.12
42,53,Asia,2019-09-30,325068.2,17456.35,76431.95,40678.48,126797.34
42,53,Asia,2019-10-31,240234.97,3616.99,63550.9,37161.79,88266.04
42,56,Asia,2019-11-30,307716.33,783.37,69567.03,49028.81,112480.87
42,61,Asia,2019-12-31,358297.14,11844.83,85675.17,65293.46,140976.06
42,59,Asia,2020-01-31,118216.31,15086.64,37415.88,19847.07,39869.98
42,53,Asia,2020-02-29,217385.23,17352.97,61002.21,26012.88,65747.13
42,55,Asia,2020-03-31,283503.9,17751.82,67681.71,38870.51,111256.22
42,55,Asia,2020-04-30,151302.08,21153.37,37001.35,18720.75,46560.68
42,58,Asia,2020-05-31,190663.13,12374.28,54884.17,21387.82,73382.06
42,54,Asia,2020-06-30,275207.59,14986.06,72077.07,49029.85,113614.42
42,53,Asia,2020-07-31,177247.34,20127.5,38213.56,36830.34,56550.73
42,61,Asia,2020-08-31,239965.92,25187.77,78236.67,25174.25,85188.94
42,56,Asia,2020-09-30,257410.75,20693.48,70537.68,29051.57,97455.77
42,62,Asia,2020-10-31,233113.62,5098.53,59856.97,38032.19,82794.25
42,59,Asia,2020-11-30,285983.96,6430.32,81795.67,42879.8,102154.33
42,55,Asia,2020-12-31,503142.25,13860.0,109423.44,99265.04,162021.75
42,58,Asia,2021-01-31,149638.72,2393.09,29340.66,19543.25,49232.97
42,62,Asia,2021-02-28,221519.33,29607.71,46386.47,39690.47,95260.15
42,56,Asia,2021-03-31,306504.3,26949.56,71787.75,54843.12,99837.38
42,54,Asia,2021-04-30,210633.66,6774.78,63362.19,30338.48,68816.02
42,53,Asia,2021-05-31,233339.98,24487.58,53258.46,50126.79,86745.11
42,61,Asia,2021-06-30,274340.55,25771.52,63925.92,49153.62,105901.59
42,62,Asia,2021-07-31,257180.86,10087.92,51665.1,32369.78,81857.17
42,53,Asia,2021-08-31,231730.35,16547.78,45539.83,22800.55,76795.46
42,62,Asia,2021-09-30,404193.58,21826.97,107265.8,75767.43,144677.17
42,61,Asia,2021-10-31,303901.35,26930.53,77378.0,57763.19,102851.52
42,57,Asia,2021-11-30,444654.75,1626.02,120976.0,45563.76,150440.62
42,63,Asia,2021-12-31,562498.51,19068.67,131724.88,80029.36,205579.76
42,55,Asia,2022-01-31,163419.68,16761.54,30157.04,22317.33,58656.56
42,63,Asia,2022-02-28,171441.05,23425.42,38477.38,27486.51,63343.1
42,56,Asia,2022-03-31,303411.74,9609.81,58824.38,40758.42,100981.2
42,62,Asia,2022-04-30,243393.8,23228.74,57148.75,53331.06,88116.15
42,57,Asia,2022-05-31,274639.72,8342.5,53183.52,35009.4,87987.82
42,63,Asia,2022-06-30,402055.13,15126.6,118686.27,51586.53,130452.37
42,54,Asia,2022-07-31,286300.64,5249.65,81403.73,52585.05,90699.5
42,55,Asia,2022-08-31,204712.44,21391.63,44241.92,29498.71,60789.29
42,57,Asia,2022-09-30,302735.84,8702.78,79865.38,54664.89,114959.67
42,56,Asia,2022-10-31,267151.24,3838.84,68645.3,49145.22,113113.9
42,57,Asia,2022-11-30,328398.5,11738.95,85259.74,46026.34,107508.18
42,53,Asia,2022-12-31,471112.98,7236.6,104798.62,87556.94,157189.21
43,63,South America,2018-01-31,91055.23,17096.91,24530.93,13799.51,35487.84
43,64,South America,2018-02-28,168897.94,24480.33,35339.88,23649.82,52792.3
43,65,South America,2018-03-31,186043.14,17086.73,42268.31,36206.61,56613.06
43,71,South America,2018-04-30,179098.93,4717.03,52215.01,20117.83,56571.42
43,65,South America,2018-05-31,199415.54,8852.11,50637.97,18774.04,69819.71
43,62,South America,2018-06-30,235171.2,14978.76,45447.73,27091.89,80556.41
43,63,South America,2018-07-31,198801.09,11247.87,47789.47,37020.8,60345.76
43,66,South America,2018-08-31,199966.83,9322.08,49387.37,37666.65,59597.59
43,62,South America,2018-09-30,235355.19,4485.1,51260.74,35861.46,83074.6
43,73,South America,2018-10-31,181463.86,22442.56,45574.18,18072.66,56106.41
43,62,South America,2018-11-30,317301.85,4453.96,64583.97,56748.86,111645.84
43,62,South America,2018-12-31,404486.86,19049.61,127608.46,71826.76,154834.46
43,73,South America,2019-01-31,131472.03,17669.45,38285.19,16841.11,45846.63
43,70,South America,2019-02-28,155210.85,9275.02,35962.03,25999.48,64386.23
43,63,South America,2019-03-31,246391.17,13120.15,64640.29,28364.79,84752.74
43,64,South America,2019-04-30,142032.02,4068.5,29733.56,12858.87,48733.54
43,71,South America,2019-05-31,194292.02,12536.5,47353.61,23084.94,70637.49
43,67,South America,2019-06-30,235588.87,18697.67,65387.97,31531.77,88151.31
43,72,South America,2019-07-31,233066.94,16713.3,57656.05,44173.04,83237.01
43,62,South America,2019-08-31,223412.15,14902.86,49917.4,24181.97,78997.14
43,62,South America,2019-09-30,301383.39,27779.97,59596.09,51986.14,92266.96
43,65,South America,2019-10-31,203910.4,8816.13,47165.84,34486.68,70874.68
43,66,South America,2019-11-30,339893.89,25506.62,72830.4,42284.69,102032.26
43,73,South America,2019-12-31,488070.03,21817.09,105368.89,57679.14,170079.45
43,66,South America,2020-01-31,97157.39,10241.68,23951.97,12878.72,28149.53
43,70,South America,2020-02-29,164210.91,20714.11,44297.75,29093.8,63066.07
43,68,South America,2020-03-31,281161.06,23836.03,63561.83,56060.0,99501.99
43,73,South America,2020-04-30,188775.97,3394.32,42119.79,28154.48,72216.81
43,62,South America,2020-05-31,247074.26,13163.58,80466.86,50464.79,77372.04
43,71,South America,2020-06-30,360100.84,5404.25,85744.28,41322.08,114914.22
43,66,South America,2020-07-31,200215.03,3129.01,58266.2,38914.41,72754.69
43,72,South America,2020-08-31,262309.28,2039.53,80376.08,26482.02,74593.74
43,64,South America,2020-09-30,349196.46,11987.17,83135.97,54795.35,135739.72
43,66,South America,2020-10-31,245744.75,29396.71,50561.91,44229.48,97339.12
43,68,South America,2020-11-30,313807.46,18093.91,92728.32,57043.56,90169.97
43,62,South America,2020-12-31,489263.14,11842.83,146828.46,86848.41,177477.66
43,68,South America,2021-01-31,110249.33,14665.49,28259.32,22783.92,40125.68
43,61,South America,2021-02-28,226904.71,29694.96,55041.64,27677.12,88706.42
43,66,South America,2021-03-31,293603.88,22591.23,85398.16,60499.93,100734.13
43,61,South America,2021-04-30,191253.7,28564.06,44657.56,23965.04,67197.2
43,70,South America,2021-05-31,215723.45,17261.05,60129.89,41492.35,79884.52
43,70,South America,2021-06-30,298076.3,28038.88,78716.94,49674.27,108631.09
43,73,South America,2021-07-31,206324.03,10967.79,45045.84,36591.93,65357.12
43,61,South America,2021-08-31,231024.19,29602.28,72404.1,33281.4,76282.21
43,68,South America,2021-09-30,321571.03,27382.15,92727.28,46675.44,99373.05
43,69,South America,2021-10-31,272891.53,28331.62,79252.76,33009.4,107065.01
43,72,South America,2021-11-30,344822.27,26968.42,78463.93,53095.57,108180.72
43,72,South America,2021-12-31,550375.87,2826.73,107445.98,68121.73,199723.97
43,67,South America,2022-01-31,145493.57,9798.54,43317.69,18317.91,58807.63
43,70,South America,2022-02-28,174869.96,9783.35,47692.08,29201.58,66824.71
43,72,South America,2022-03-31,239457.52,17063.15,64051.63,43089.59,67898.24
43,61,South America,2022-04-30,217512.28,8225.32,69062.41,34194.82,65371.51
43,73,South America,2022-05-31,201459.75,17074.15,51843.13,23963.74,63262.04
43,65,South America,2022-06-30,369786.1,11914.41,86705.71,58762.61,136055.47
43,66,South America,2022-07-31,238124.53,15175.39,59768.73,26295.73,86186.22
43,64,South America,2022-08-31,284305.95,26871.67,67621.39,31794.41,87077.08
43,68,South America,2022-09-30,320546.66,23520.57,90763.45,69761.21,113221.16
43,62,South America,2022-10-31,249600.48,19467.13,50425.41,25564.43,92974.9
43,65,South America,2022-11-30,371821.38,8292.95,87221.5,36682.83,111396.31
43,61,South America,2022-12-31,479701.68,21469.17,101502.4,75092.65,166268.55
44,6,Europe,2018-01-31,93069.15,2109.5,26894.29,11156.69,34965.15
44,6,Europe,2018-02-28,142147.88,14231.92,31177.56,22871.29,56632.53
44,6,Europe,2018-03-31,214706.97,2832.84,57933.77,32146.59,63075.12
44,6,Europe,2018-04-30,153264.28,2746.63,48256.63,24621.19,48471.36
44,6,Europe,2018-05-31,197716.36,21690.27,49275.97,22793.2,62242.29
44,6,Europe,2018-06-30,294879.72,9977.47,64678.78,48927.6,119202.52
44,6,Europe,2018-07-31,148324.78,17850.93,37840.45,21172.65,55808.75
44,6,Europe,2018-08-31,193098.27,22107.25,63030.01,27309.55,64458.12
44,6,Europe,2018-09-30,249816.94,4018.1,66395.95,43471.0,89011.02
44,6,Europe,2018-10-31,231751.86,9156.22,54819.53,25657.42,86038.27
44,6,Europe,2018-11-30,269744.38,27158.55,56063.12,36026.94,100066.62
44,6,Europe,2018-12-31,336875.09,7447.61,75344.77,40090.72,145278.41
44,6,Europe,2019-01-31,88260.37,17966.51,21932.62,12487.68,25805.82
44,6,Europe,2019-02-28,155113.14,10593.99,36345.82,33646.06,66994.63
44,6,Europe,2019-03-31,218436.75,28771.85,53628.55,25643.59,76198.46
44,6,Europe,2019-04-30,135314.25,26421.26,31416.1,16149.4,38805.76
44,6,Europe,2019-05-31,193438.77,16899.94,42732.48,27288.75,60174.22
44,6,Europe,2019-06-30,320643.11,25018.74,64626.22,62730.92,113620.11
44,6,Europe,2019-07-31,184439.83,17402.76,51788.57,25875.99,64856.03
44,6,Europe,2019-08-31,209710.08,11680.83,56123.24,26326.66,69302.64
44,6,Europe,2019-09-30,245382.4,13805.26,63413.6,40602.82,96186.73
44,6,Europe,2019-10-31,224066.62,24983.5,63851.07,31140.34,85002.34
44,6,Europe,2019-11-30,319897.49,26186.38,64476.5,32422.14,113194.68
44,6,Europe,2019-12-31,334261.67,26952.7,78977.26,43930.49,132992.46
44,6,Europe,2020-01-31,129522.85,22825.26,32771.09,15561.68,41023.2
44,6,Europe,2020-02-29,214981.19,4554.16,46184.18,37751.78,74312.47
44,6,Europe,2020-03-31,284110.75,8540.98,79255.67,29862.25,98108.88
44,6,Europe,2020-04-30,154548.57,15696.98,39074.49,15899.12,56948.43
44,6,Europe,2020-05-31,180494.91,23935.18,43881.15,23392.8,68084.36
44,6,Europe,2020-06-30,310260.38,8745.15,81344.54,48741.98,108191.72
44,6,Europe,2020-07-31,192404.78,2548.01,46815.61,27972.3,76006.8
44,6,Europe,2020-08-31,220989.87,16878.62,57990.25,31586.87,83850.32
44,6,Europe,2020-09-30,261366.7,5018.54,79291.64,44150.2,99764.51
44,6,Europe,2020-10-31,219119.74,17219.53,52914.9,30945.18,69496.15
44,6,Europe,2020-11-30,309596.46,19565.95,77471.38,62784.18,109653.98
44,6,Europe,2020-12-31,494378.03,18680.15,117254.56,61893.14,192216.11
44,6,Europe,2021-01-31,106111.47,6972.57,30449.87,19858.49,37677.23
44,6,Europe,2021-02-28,181131.22,25154.92,48816.28,22522.42,63525.21
44,6,Europe,2021-03-31,301792.72,24223.26,77661.57,36890.91,101999.02
44,6,Europe,2021-04-30,219586.61,17216.08,42618.08,36572.93,79165.04
44,6,Europe,2021-05-31,201594.34,25110.09,48542.04,38449.02,70098.31
44,6,Europe,2021-06-30,281838.84,19089.32,77757.07,52809.47,88743.37
44,6,Europe,2021-07-31,201685.05,25109.65,50808.41,28575.48,82900.58
44,6,Europe,2021-08-31,225612.09,22357.02,57667.69,38016.56,81092.52
44,6,Europe,2021-09-30,356696.82,20869.25,110872.4,58880.4,117650.2
44,6,Europe,2021-10-31,231123.43,25490.78,63459.38,38013.48,71913.76
44,6,Europe,2021-11-30,316999.8,6536.79,87611.38,41428.95,114631.49
44,6,Europe,2021-12-31,423613.15,16150.22,104773.81,55819.84,154322.23
44,6,Europe,2022-01-31,136824.04,4974.13,30875.45,16724.08,39114.13
44,6,Europe,2022-02-28,252910.57,28923.75,76325.96,29181.31,71939.53
44,6,Europe,2022-03-31,246882.84,25013.65,64719.68,45331.3,91486.75
44,6,Europe,2022-04-30,181432.86,21167.6,49864.81,18671.39,53783.43
44,6,Europe,2022-05-31,248203.32,14536.12,70903.1,35697.86,75144.62
44,6,Europe,2022-06-30,319054.99,10548.01,68607.5,53905.51,118909.61
44,6,Europe,2022-07-31,266006.92,26807.99,57081.72,26965.69,89097.18
44,6,Europe,2022-08-31,234839.71,29922.79,53610.18,28435.63,84922.82
44,6,Europe,2022-09-30,410092.57,6498.39,111495.21,70222.4,132113.52
44,6,Europe,2022-10-31,241471.44,27430.77,48210.78,32977.0,76809.9
44,6,Europe,2022-11-30,468575.27,24021.36,129066.29,84392.67,160237.47
44,6,Europe,2022-12-31,603422.32,17819.45,181413.84,84670.42,229440.96
45,52,Asia,2018-01-31,86722.81,26605.94,21887.62,12126.9,32238.08
45,55,Asia,2018-02-28,174034.96,25225.35,39321.39,22297.39,51119.62
45,59,Asia,2018-03-31,206627.14,9640.15,49552.85,27382.88,67855.63
45,59,Asia,2018-04-30,147665.66,9093.11,40758.64,28898.83,55380.25
45,53,Asia,2018-05-31,170641.34,25451.31,45512.26,29446.15,49714.26
45,54,Asia,2018-06-30,228628.72,15963.73,68856.19,31221.26,71352.0
45,54,Asia,2018-07-31,192125.89,246.01,52304.93,20379.25,60499.35
45,55,Asia,2018-08-31,173482.43,5561.49,41365.35,25068.21,66646.88
45,52,Asia,2018-09-30,287759.79,13919.92,71478.93,28128.03,102718.3
45,55,Asia,2018-10-31,232541.28,21004.86,61358.91,38638.67,96135.93
45,51,Asia,2018-11-30,269544.57,18502.47,69393.48,28243.17,84677.46
45,53,Asia,2018-12-31,377132.07,2041.47,83272.77,65828.91,130064.04
45,53,Asia,2019-01-31,113861.83,28858.29,29382.68,18942.87,40133.45
45,51,Asia,2019-02-28,141010.95,28340.16,30275.55,29969.15,39743.38
45,58,Asia,2019-03-31,228803.15,20394.28,44504.81,33674.79,83730.09
45,57,Asia,2019-04-30,144531.7,22768.87,41669.36,27808.38,43201.42
45,57,Asia,2019-05-31,217349.85,17738.99,48448.47,32615.13,80143.99
45,57,Asia,2019-06-30,275165.11,15959.56,67297.95,36952.95,105890.76
45,58,Asia,2019-07-31,211348.08,1186.52,43950.82,35359.86,66556.8
45,56,Asia,2019-08-31,182171.04,13449.22,42050.52,20501.1,62488.06
45,52,Asia,2019-09-30,342646.38,16875.91,97262.82,39988.24,133525.9
45,50,Asia,2019-10-31,232408.42,27334.26,73667.25,30875.09,76444.86
45,54,Asia,2019-11-30,377369.16,4781.79,91627.87,75726.18,138535.92
45,52,Asia,2019-12-31,492033.35,15290.4,117145.39,93171.95,189696.69
45,52,Asia,2020-01-31,136173.05,25764.97,33846.61,13719.71,42412.09
45,50,Asia,2020-02-29,147328.08,22302.69,35682.74,18842.51,55707.1
45,53,Asia,2020-03-31,275210.03,7978.64,65313.69,43602.04,86483.94
45,59,Asia,2020-04-30,208415.7,12517.2,49475.11,29854.64,81025.79
45,56,Asia,2020-05-31,234593.89,29399.42,58769.59,32445.56,73696.11
45,49,Asia,2020-06-30,287740.81,11436.94,65387.58,60439.78,95972.89
45,52,Asia,2020-07-31,226569.09,8421.93,65648.99,38199.53,84210.05
45,58,Asia,2020-08-31,253393.07,13365.45,62055.54,26854.87,71076.0
45,56,Asia,2020-09-30,321013.16,4038.85,83022.48,34799.79,113127.39
45,52,Asia,2020-10-31,227234.37,24923.89,49950.85,24990.09,91654.91
45,55,Asia,2020-11-30,395323.14,5516.0,90414.76,46598.42,143865.18
45,58,Asia,2020-12-31,522762.29,29820.27,99180.34,65539.26,175098.42
45,55,Asia,2021-01-31,114863.88,2737.44,30629.81,18708.07,37477.96
45,58,Asia,2021-02-28,206099.41,13926.34,51942.7,23783.14,68104.46
45,52,Asia,2021-03-31,226470.86,22321.29,45341.34,38905.48,84066.35
45,51,Asia,2021-04-30,231155.64,1046.33,71120.32,42889.28,72806.98
45,54,Asia,2021-05-31,196077.6,7162.99,60255.35,25372.91,76230.45
45,52,Asia,2021-06-30,388612.95,11760.57,104699.43,64316.61,148947.39
45,55,Asia,2021-07-31,240553.59,2621.89,64715.5,44209.36,73750.38
45,54,Asia,2021-08-31,267555.32,29773.45,55370.15,30879.06,90788.3
45,59,Asia,2021-09-30,318127.09,8687.31,77084.71,52891.55,97344.33
45,58,Asia,2021-10-31,291355.88,16938.78,76904.8,48956.89,102279.54
45,56,Asia,2021-11-30,343566.13,8014.67,97589.75,55987.01,124369.15
45,59,Asia,2021-12-31,518543.47,10730.89,111824.89,77242.65,174344.7
45,58,Asia,2022-01-31,166894.09,25197.03,31389.21,19424.0,53060.79
45,58,Asia,2022-02-28,227166.93,22706.39,58726.52,34260.91,77188.39
45,49,Asia,2022-03-31,333639.56,14344.93,87335.73,44359.58,106267.89
45,57,Asia,2022-04-30,176151.71,17915.5,47433.45,21348.8,60009.12
45,56,Asia,2022-05-31,291228.82,25368.97,85406.7,54705.09,107893.85
45,58,Asia,2022-06-30,422822.82,7158.78,108200.13,75753.54,128681.32
45,50,Asia,2022-07-31,285604.92,15647.94,76366.08,36969.27,94502.75
45,51,Asia,2022-08-31,233396.11,16598.89,55499.26,25367.96,83648.51
45,56,Asia,2022-09-30,293813.07,10008.04,83047.97,32009.63,112544.59
45,52,Asia,2022-10-31,283015.4,9256.8,70984.24,33263.94,108247.64
45,55,Asia,2022-11-30,365444.47,295.7,89949.49,55455.11,120807.62
45,50,Asia,2022-12-31,613649.72,1220.71,141653.6,101091.33,205240.06
46,11,Europe,2018-01-31,99098.62,4629.35,23895.72,15177.77,39315.06
46,11,Europe,2018-02-28,150416.92,24701.19,39945.97,24258.11,48583.46
46,11,Europe,2018-03-31,191280.32,6438.55,47372.23,26042.67,71022.05
46,10,Europe,2018-04-30,141281.66,11500.86,39708.21,24608.17,46308.32
46,9,Europe,2018-05-31,209874.41,3448.57,52032.41,35905.13,63515.64
46,9,Europe,2018-06-30,260771.15,28432.32,74158.48,27147.69,92794.74
46,11,Europe,2018-07-31,157376.77,26240.44,42383.4,31150.28,57535.09
46,11,Europe,2018-08-31,181979.44,229.92,37153.41,30113.3,55579.17
46,11,Europe,2018-09-30,304719.2,25804.39,79924.69,50136.85,117247.3
46,10,Europe,2018-10-31,201815.37,9911.11,50472.42,29298.7,65349.08
46,9,Europe,2018-11-30,306928.5,11511.52,81347.68,44130.54,121069.73
46,9,Europe,2018-12-31,403320.29,25750.83,94174.69,43618.36,143431.97
46,9,Europe,2019-01-31,125398.37,7477.1,27682.96,19210.6,48768.47
46,11,Europe,2019-02-28,166484.92,1977.41,37289.09,18781.68,49113.47
46,10,Europe,2019-03-31,262701.49,17173.54,64378.05,54586.75,111671.25
46,9,Europe,2019-04-30,191044.96,8036.87,54158.36,24981.1,69717.91
46,10,Europe,2019-05-31,159010.88,8543.45,33096.1,29106.11,67311.55
46,11,Europe,2019-06-30,305318.85,21642.13,69966.83,42002.29,111513.43
46,9,Europe,2019-07-31,177700.45,15476.46,45525.71,37147.87,57965.74
46,9,Europe,2019-08-31,173426.89,25165.99,44372.42,26924.76,63407.45
46,9,Europe,2019-09-30,316686.33,16994.2,82197.71,52050.34,121072.41
46,10,Europe,2019-10-31,220177.72,10331.24,58219.3,30838.22,89829.95
46,10,Europe,2019-11-30,364965.14,5307.35,93357.25,63228.68,151407.88
46,11,Europe,2019-12-31,488646.6,686.34,101022.02,80695.4,183032.03
46,10,Europe,2020-01-31,133641.45,1038.76,36926.24,22830.93,53957.44
46,10,Europe,2020-02-29,158479.78,3290.01,42859.14,19078.42,61293.9
46,9,Europe,2020-03-31,239198.0,19211.41,64609.41,25931.62,85916.98
46,9,Europe,2020-04-30,200679.14,13885.7,49460.48,25768.89,84059.29
46,9,Europe,2020-05-31,255620.54,25315.64,61745.38,27669.64,89052.72
46,10,Europe,2020-06-30,366271.29,5473.72,71344.74,40121.77,131553.0
46,11,Europe,2020-07-31,188974.89,21549.01,51551.67,28667.29,60080.77
46,9,Europe,2020-08-31,200628.37,21013.75,47447.92,30698.38,62792.44
46,10,Europe,2020-09-30,368625.5,3531.97,102159.91,59080.04,116588.0
46,10,Europe,2020-10-31,254549.54,1719.39,62705.33,32486.41,88267.71
46,9,Europe,2020-11-30,341241.13,27438.88,85362.2,44710.5,107453.68
46,10,Europe,2020-12-31,512725.68,457.87,129727.77,93889.96,157884.83
46,9,Europe,2021-01-31,122669.9,12026.48,35626.45,18291.1,36209.27
46,10,Europe,2021-02-28,168124.09,8895.37,46155.91,27451.36,63016.95
46,10,Europe,2021-03-31,273236.41,20799.69,66212.18,35545.25,101280.02
46,9,Europe,2021-04-30,179616.32,24817.01,47723.14,19370.4,57254.82
46,11,Europe,2021-05-31,262942.42,26639.44,62503.25,44443.99,82745.1
46,10,Europe,2021-06-30,374393.66,26738.16,104871.35,35404.2,126325.25
46,10,Europe,2021-07-31,237426.53,19637.63,51368.44,31168.94,90990.65
46,10,Europe,2021-08-31,245113.22,25418.98,56659.76,30078.71,80318.49
46,11,Europe,2021-09-30,328269.25,29984.88,83409.58,61649.87,114221.34
46,11,Europe,2021-10-31,226800.09,2445.78,55756.7,39551.9,63667.85
46,10,Europe,2021-11-30,368911.53,25268.22,83121.64,60528.71,134224.66
46,9,Europe,2021-12-31,555922.75,8756.46,162229.9,99156.87,161010.41
46,9,Europe,2022-01-31,126597.43,14013.9,34254.86,19159.72,42695.52
46,11,Europe,2022-02-28,242947.36,28318.83,60797.71,49638.05,83296.33
46,11,Europe,2022-03-31,304517.82,9096.04,76918.55,48779.23,93519.31
46,9,Europe,2022-04-30,228617.8,7655.16,69877.09,34587.8,78018.13
46,10,Europe,2022-05-31,278255.3,9610.54,67166.96,30335.4,109624.68
46,11,Europe,2022-06-30,310945.73,5181.27,63368.61,43978.07,92713.22
46,9,Europe,2022-07-31,219554.45,22996.6,58886.14,28969.96,87529.78
46,11,Europe,2022-08-31,207431.93,18794.04,55296.43,31572.53,59016.26
46,11,Europe,2022-09-30,338764.81,9370.87,82834.38,65196.21,112723.22
46,9,Europe,2022-10-31,273950.05,16836.11,65689.81,37431.45,101787.99
46,9,Europe,2022-11-30,461848.69,953.29,126147.05,91109.14,140897.28
46,11,Europe,2022-12-31,610706.64,27553.08,161616.19,110441.18,201278.7
47,22,Asia,2018-01-31,83833.82,23906.79,19645.25,9889.5,25850.25
47,25,Asia,2018-02-28,147942.98,20308.01,39710.64,21724.2,48601.92
47,24,Asia,2018-03-31,205084.26,21539.13,51522.65,35089.5,63597.58
47,25,Asia,2018-04-30,150791.18,1794.69,31394.63,24583.41,58478.85
47,25,Asia,2018-05-31,147501.37,2960.16,33436.02,23028.88,40320.28
47,23,Asia,2018-06-30,274048.79,6825.67,79260.86,30541.23,102114.75
47,25,Asia,2018-07-31,150804.9,20055.69,29520.34,17266.3,65164.32
47,26,Asia,2018-08-31,213487.81,26845.32,45092.04,30927.83,71670.26
47,24,Asia,2018-09-30,282415.2,29751.39,63946.12,40866.98,115158.23
47,25,Asia,2018-10-31,196356.54,8620.72,43633.02,35902.8,63401.45
47,25,Asia,2018-11-30,286976.91,29411.74,58043.86,36761.87,110178.58
47,25,Asia,2018-12-31,391312.27,5067.99,95562.15,66757.61,143042.87
47,24,Asia,2019-01-31,131305.55,12073.41,24761.14,15410.81,49167.03
47,23,Asia,2019-02-28,152408.95,4718.24,38524.88,17380.17,56534.09
47,22,Asia,2019-03-31,225685.69,7709.75,45386.1,47480.6,75868.88
47,23,Asia,2019-04-30,166477.41,27482.01,37790.3,33423.64,70093.93
47,23,Asia,2019-05-31,159787.13,18870.41,42359.5,25162.78,59886.92
47,26,Asia,2019-06-30,261737.15,10663.28,53613.07,44014.72,98759.42
47,25,Asia,2019-07-31,233004.2,14484.78,61521.27,25515.66,80634.19
47,22,Asia,2019-08-31,170811.63,5930.37,49449.57,29075.87,58753.64
47,22,Asia,2019-09-30,331158.49,16898.21,85343.24,44165.44,111652.82
47,22,Asia,2019-10-31,221555.54,8764.32,64657.22,28918.52,87879.52
47,22,Asia,2019-11-30,340966.13,24935.86,68891.25,51872.14,131870.26
47,26,Asia,2019-12-31,337336.01,11079.9,75814.4,39762.48,114346.83
47,25,Asia,2020-01-31,140901.9,1584.17,30100.11,22910.76,59213.78
47,24,Asia,2020-02-29,150301.11,22229.86,40366.88,26909.23,52572.27
47,22,Asia,2020-03-31,213961.82,865.06,61853.98,26646.06,85377.69
47,25,Asia,2020-04-30,214744.89,14765.82,46654.84,39279.96,80388.15
47,23,Asia,2020-05-31,243149.71,8657.31,56998.73,26038.65,86795.54
47,26,Asia,2020-06-30,367273.24,11083.67,92202.71,62823.93,128388.15
47,22,Asia,2020-07-31,203008.73,9709.13,50224.62,33945.8,83513.1
47,26,Asia,2020-08-31,182482.22,25504.17,42205.37,28905.61,62566.48
47,25,Asia,2020-09-30,309077.25,16365.08,82124.84,48723.47,110058.73
47,26,Asia,2020-10-31,301656.38,23263.19,70944.6,56285.89,83578.95
47,22,Asia,2020-11-30,322631.31,6249.2,70320.39,44819.93,116551.74
47,26,Asia,2020-12-31,489503.54,17422.91,137128.59,66043.23,158396.99
47,26,Asia,2021-01-31,151316.66,14391.48,44368.94,15869.29,45627.67
47,26,Asia,2021-02-28,207441.9,26322.96,50997.63,33732.3,78979.59
47,23,Asia,2021-03-31,230153.58,24185.9,57365.21,27323.04,72731.68
47,23,Asia,2021-04-30,226163.7,13288.66,47149.47,32992.69,93944.03
47,24,Asia,2021-05-31,253487.55,21793.54,68834.07,34877.79,95755.98
47,22,Asia,2021-06-30,368324.7,17982.32,114882.28,73466.05,136211.63
47,22,Asia,2021-07-31,203480.42,7012.07,55594.5,37937.05,72625.14
47,22,Asia,2021-08-31,231198.28,14601.66,66281.83,33709.67,73194.54
47,26,Asia,2021-09-30,290191.66,27323.23,64831.02,32072.87,111988.62
47,22,Asia,2021-10-31,306457.02,11060.14,88589.51,37168.49,104212.1
47,25,Asia,2021-11-30,371941.22,21004.61,104751.0,50600.99,129373.84
47,26,Asia,2021-12-31,516694.83,10468.82,107515.8,81567.35,176259.33
47,22,Asia,2022-01-31,117368.04,2238.4,23117.01,18706.33,38396.3
47,24,Asia,2022-02-28,228157.3,25104.25,53190.19,23309.9,79857.99
47,25,Asia,2022-03-31,272476.09,463.35,68305.38,33256.25,115115.11
47,23,Asia,2022-04-30,251025.73,19128.39,68761.73,25906.84,108824.94
47,25,Asia,2022-05-31,265074.06,555.22,62200.03,38599.6,79928.9
47,22,Asia,2022-06-30,316407.9,1987.87,59661.79,53036.97,133757.41
47,26,Asia,2022-07-31,280829.31,3815.28,72094.85,55231.4,84851.21
47,23,Asia,2022-08-31,301961.02,18482.36,82140.25,50093.15,103529.0
47,23,Asia,2022-09-30,390435.5,2850.09,86812.51,44620.67,150400.64
47,24,Asia,2022-10-31,272268.55,7898.27,68794.67,44227.83,77593.13
47,26,Asia,2022-11-30,374191.32,2683.67,98093.84,41827.72,124931.94
47,24,Asia,2022-12-31,485507.74,11957.44,130041.72,51297.33,199390.06
48,76,South America,2018-01-31,109040.57,2971.67,26244.28,12436.95,40798.57
48,75,South America,2018-02-28,127253.41,17244.61,25992.45,19254.54,40004.61
48,75,South America,2018-03-31,200940.42,15716.4,47906.55,20339.54,59977.2
48,79,South America,2018-04-30,165554.86,1460.16,38924.87,21527.8,53678.63
48,76,South America,2018-05-31,186959.45,8282.09,39451.31,23196.44,59239.06
48,83,South America,2018-06-30,237974.79,6326.09,66619.95,45758.53,90276.87
48,81,South America,2018-07-31,182004.68,20418.49,36387.22,34612.28,68120.92
48,74,South America,2018-08-31,167384.35,13853.19,42868.08,21841.82,58057.73
48,83,South America,2018-09-30,278425.95,23306.99,59060.59,36758.5,103074.8
48,69,South America,2018-10-31,194401.79,8595.59,53070.57,33543.73,82345.31
48,71,South America,2018-11-30,292813.36,29075.02,78549.35,57122.58,83367.25
48,79,South America,2018-12-31,330007.42,10551.21,78863.77,66736.51,105350.8
48,76,South America,2019-01-31,99407.19,29698.02,21458.61,15210.67,34299.63
48,77,South America,2019-02-28,191170.99,21133.86,44987.7,18072.66,64922.48
48,82,South America,2019-03-31,253425.54,17502.91,68916.65,25762.87,103123.28
48,75,South America,2019-04-30,159671.81,19161.73,32955.35,16309.81,50372.9
48,76,South America,2019-05-31,230362.12,5868.47,68500.31,24759.98,80698.02
48,72,South America,2019-06-30,314564.82,11211.84,85270.67,50076.13,91289.58
48,80,South America,2019-07-31,203407.64,11902.62,41064.24,21378.92,60956.81
48,73,South America,2019-08-31,178729.04,25659.1,47286.19,32741.35,60581.2
48,77,South America,2019-09-30,300530.48,9924.4,71333.09,56583.12,100780.01
48,77,South America,2019-10-31,221457.11,23782.11,52364.4,28550.84,95209.84
48,71,South America,2019-11-30,293406.68,23125.07,81601.69,33385.01,91476.02
48,74,South America,2019-12-31,384101.31,20407.61,98255.56,42274.36,145793.96
48,79,South America,2020-01-31,105472.46,19468.43,24627.88,15673.38,36115.52
48,73,South America,2020-02-29,158728.29,16251.91,41783.39,26987.13,53892.86
48,73,South America,2020-03-31,231019.56,20571.58,52197.6,35099.79,80904.39
48,78,South America,2020-04-30,208652.27,5612.65,46057.44,37384.45,60264.7
48,69,South America,2020-05-31,198753.5,25299.04,63251.27,27287.31,75983.65
48,75,South America,2020-06-30,338416.27,2395.62,76508.34,38069.4,134736.27
48,70,South America,2020-07-31,206199.09,20678.3,51607.51,37646.04,61695.28
48,77,South America,2020-08-31,194972.74,29922.72,50613.87,26297.46,72358.61
48,69,South America,2020-09-30,316070.29,16112.56,94888.88,31464.67,114343.53
48,79,South America,2020-10-31,207043.12,14474.59,54257.78,28599.88,68944.9
48,69,South America,2020-11-30,399305.5,17649.27,82456.34,71325.9,146472.89
48,82,South America,2020-12-31,413589.44,29481.9,116333.64,73963.59,139238.89
48,78,South America,2021-01-31,146172.75,28125.54,28942.36,21815.07,60260.66
48,80,South America,2021-02-28,168382.82,11390.32,37283.64,19317.96,63442.39
48,81,South America,2021-03-31,220548.7,18326.2,51251.45,46838.06,82965.0
48,69,South America,2021-04-30,173625.75,15603.08,37665.01,28530.87,63251.99
48,78,South America,2021-05-31,257350.52,19229.77,52606.1,37450.32,93286.1
48,70,South America,2021-06-30,311424.28,28110.88,64202.67,40033.4,107458.63
48,80,South America,2021-07-31,257467.6,3843.02,60801.28,38017.8,87281.17
48,72,South America,2021-08-31,258225.82,5148.25,71689.81,28086.31,90586.09
48,83,South America,2021-09-30,306786.74,2092.05,74807.33,34151.15,99638.62
48,80,South America,2021-10-31,324777.38,15215.31,78067.85,45033.68,101739.48
48,80,South America,2021-11-30,416241.97,5051.4,114588.06,81953.82,157311.74
48,82,South America,2021-12-31,526993.49,22233.62,133787.79,84775.09,188257.88
48,79,South America,2022-01-31,162632.08,604.34,32676.16,16525.55,59225.04
48,80,South America,2022-02-28,236301.15,11146.48,47239.31,29208.03,94858.61
48,70,South America,2022-03-31,303425.56,6449.53,75950.37,45462.18,105761.18
48,70,South America,2022-04-30,206967.33,4722.12,55665.77,36895.37,61818.5
48,78,South America,2022-05-31,288815.51,12879.35,55685.3,41011.26,117123.05
48,75,South America,2022-06-30,316985.34,27649.53,67108.89,39902.45,104117.69
48,78,South America,2022-07-31,299925.11,21732.65,75902.83,53846.57,104652.97
48,75,South America,2022-08-31,216118.83,28943.5,51640.68,39151.43,82003.31
48,71,South America,2022-09-30,418212.29,5546.59,79393.2,63564.87,153046.47
48,79,South America,2022-10-31,342585.25,12324.12,80098.02,48847.88,142224.94
48,70,South America,2022-11-30,399746.56,4106.01,89158.18,44337.34,151007.75
48,78,South America,2022-12-31,546111.13,15366.15,161305.37,98818.62,195546.52
49,41,Europe,2018-01-31,90439.41,1885.74,18281.0,10215.43,34466.85
49,46,Europe,2018-02-28,150263.36,4380.46,41514.58,28008.27,53998.51
49,38,Europe,2018-03-31,242374.05,1557.28,52628.16,42235.82,77670.37
49,41,Europe,2018-04-30,158663.9,21165.18,46236.12,19348.58,58889.44
49,39,Europe,2018-05-31,156482.79,10366.76,43547.35,26651.31,58317.15
49,40,Europe,2018-06-30,242896.82,585.42,72165.34,26969.72,82731.64
49,41,Europe,2018-07-31,217357.08,6491.71,45825.89,37024.0,67013.23
49,42,Europe,2018-08-31,182312.14,7997.62,49785.89,34554.13,62532.5
49,40,Europe,2018-09-30,286042.98,2761.46,78473.94,55305.35,97837.14
49,39,Europe,2018-10-31,217587.06,24143.25,63948.32,28968.1,67396.96
49,42,Europe,2018-11-30,344491.27,15069.5,101660.98,62880.65,125284.06
49,43,Europe,2018-12-31,390757.55,21286.8,97765.65,67527.71,147649.97
49,45,Europe,2019-01-31,104535.62,19985.9,31363.83,14153.34,28729.16
49,45,Europe,2019-02-28,143298.39,28274.59,40015.51,19306.42,46692.2
49,42,Europe,2019-03-31,254902.23,2282.82,74837.53,32968.97,82904.27
49,38,Europe,2019-04-30,190158.26,383.92,44027.96,25029.98,60544.7
49,40,Europe,2019-05-31,177962.98,28707.13,43819.09,26557.2,56690.33
49,41,Europe,2019-06-30,241765.44,12782.47,58183.7,40156.65,88740.72
49,41,Europe,2019-07-31,201024.84,681.42,55325.32,28808.85,74590.49
49,42,Europe,2019-08-31,225357.94,11320.74,50109.52,24721.13,75223.82
49,42,Europe,2019-09-30,334430.05,9493.16,83219.12,58823.27,94326.6
49,46,Europe,2019-10-31,197649.38,15629.52,53611.94,22617.55,70414.37
49,40,Europe,2019-11-30,360191.83,27123.9,78866.22,47207.04,114227.9
49,40,Europe,2019-12-31,356127.05,22279.19,112666.07,47576.94,114481.23
49,45,Europe,2020-01-31,113895.05,28544.66,30102.6,13846.35,37457.17
49,38,Europe,2020-02-29,203789.04,14071.76,41035.59,40299.48,76201.95
49,39,Europe,2020-03-31,224210.86,11716.38,44225.07,26511.02,89276.92
49,46,Europe,2020-04-30,216676.99,8176.52,53685.73,26051.45,81880.46
49,44,Europe,2020-05-31,187561.33,18847.5,51813.11,20448.22,62601.4
49,40,Europe,2020-06-30,330024.76,5308.81,70056.44,54500.89,124230.47
49,42,Europe,2020-07-31,238840.96,15140.53,62858.11,48169.78,82546.96
49,42,Europe,2020-08-31,212048.03,10950.43,44674.44,39591.52,76863.01
49,43,Europe,2020-09-30,327076.12,27980.94,100237.41,38876.74,111175.2
49,46,Europe,2020-10-31,287992.72,10549.83,88242.86,35598.52,80762.19
49,43,Europe,2020-11-30,419124.29,23787.83,110893.16,67361.18,166587.81
49,38,Europe,2020-12-31,433141.77,20030.6,92774.13,42226.05,166772.39
49,46,Europe,2021-01-31,155086.0,312.33,31567.37,26656.57,66000.29
49,38,Europe,2021-02-28,230300.21,15815.76,56606.46,30892.67,73861.16
49,39,Europe,2021-03-31,304481.49,11716.65,77376.89,60124.92,106266.7
49,42,Europe,2021-04-30,214787.3,600.7,43283.14,32968.47,75765.03
49,40,Europe,2021-05-31,212534.8,6728.94,50220.52,36452.53,73978.29
49,43,Europe,2021-06-30,286821.03,6699.7,64207.23,45523.1,108922.47
49,45,Europe,2021-07-31,225411.8,19905.21,63380.04,38912.36,68180.73
49,38,Europe,2021-08-31,247556.63,14397.53,68275.01,26911.8,77110.08
49,38,Europe,2021-09-30,378990.54,28501.8,78317.72,71881.67,129654.58
49,44,Europe,2021-10-31,314684.69,18586.36,61838.73,41277.24,98632.38
49,42,Europe,2021-11-30,382447.63,23864.19,96685.32,62663.84,115033.69
49,38,Europe,2021-12-31,485881.52,25881.94,138268.32,93601.87,181607.3
49,42,Europe,2022-01-31,161286.17,26716.25,52633.16,18454.52,56465.59
49,38,Europe,2022-02-28,243551.98,29428.02,57811.82,42167.32,89461.72
49,44,Europe,2022-03-31,320345.55,5291.25,80718.58,38544.12,105588.63
49,44,Europe,2022-04-30,223417.97,10582.4,51668.69,27625.71,90627.82
49,46,Europe,2022-05-31,208988.27,21041.58,43995.01,27183.35,61280.17
49,42,Europe,2022-06-30,353613.84,29951.45,78806.67,41915.74,112313.61
49,45,Europe,2022-07-31,228651.82,25238.3,55119.56,42367.35,69532.21
49,40,Europe,2022-08-31,235880.15,15560.47,52154.62,24723.61,96428.09
49,46,Europe,2022-09-30,397510.0,27273.46,102757.54,63567.54,133925.57
49,43,Europe,2022-10-31,240505.82,17656.2,61033.18,48950.56,79673.91
49,40,Europe,2022-11-30,426618.24,17342.52,94935.26,71472.34,145670.17
49,41,Europe,2022-12-31,519478.64,11997.93,118137.49,84591.6,194999.98
50,22,Asia,2018-01-31,100556.87,19494.7,28030.93,12748.9,31123.04
50,22,Asia,2018-02-28,133679.14,23739.03,32025.16,21426.97,43119.01
50,21,Asia,2018-03-31,169605.85,19751.69,45587.57,20348.44,51201.65
50,22,Asia,2018-04-30,146894.81,9338.04,36992.48,27456.1,45355.59
50,20,Asia,2018-05-31,187854.12,12225.1,56285.47,20969.93,60823.04
50,23,Asia,2018-06-30,229055.22,6642.81,50791.4,41827.7,97393.5
50,23,Asia,2018-07-31,178265.75,9239.25,55920.67,18324.22,70313.71
50,20,Asia,2018-08-31,149238.54,6948.35,35751.18,15714.52,49337.47
50,22,Asia,2018-09-30,218929.38,18842.48,63691.91,30802.74,73483.34
50,19,Asia,2018-10-31,193701.63,35.04,48773.08,35687.94,64896.6
50,20,Asia,2018-11-30,311381.66,21765.02,87641.08,35495.26,96214.52
50,23,Asia,2018-12-31,425099.24,4679.01,119845.21,69477.6,156355.15
50,21,Asia,2019-01-31,97810.83,6436.87,22267.36,13556.9,30166.08
50,21,Asia,2019-02-28,169172.79,1624.28,37370.15,30366.2,58903.45
50,19,Asia,2019-03-31,241629.13,7313.29,58343.4,33530.43,69294.25
50,21,Asia,2019-04-30,181311.48,20688.52,47409.31,27739.77,61157.01
50,22,Asia,2019-05-31,172612.33,20130.65,39633.52,18617.4,62284.44
50,20,Asia,2019-06-30,325819.27,5329.78,87663.01,37331.93,126529.29
50,20,Asia,2019-07-31,164357.72,8846.16,49823.26,31986.04,59641.03
50,20,Asia,2019-08-31,220753.36,8452.44,46118.65,26052.99,72974.64
50,19,Asia,2019-09-30,338405.71,1415.69,80430.16,68032.21,126033.44
50,22,Asia,2019-10-31,261813.38,20045.09,73464.32,39367.6,98321.93
50,22,Asia,2019-11-30,387931.13,8419.22,96654.93,75077.55,127703.64
50,21,Asia,2019-12-31,450392.55,889.01,121234.71,73556.48,171719.8
50,20,Asia,2020-01-31,128820.52,13626.58,38252.89,21864.1,36084.68
50,23,Asia,2020-02-29,179748.17,22263.34,38747.15,30716.48,72485.88
50,21,Asia,2020-03-31,289644.96,16323.88,71114.68,55692.62,93220.91
50,20,Asia,2020-04-30,174587.92,27319.28,44072.02,36923.75,65421.79
50,22,Asia,2020-05-31,197458.02,19113.49,53907.28,31606.47,59563.13
50,22,Asia,2020-06-30,258042.13,18828.38,58637.4,45124.75,95401.66
50,21,Asia,2020-07-31,245416.45,19405.72,57166.76,32601.45,84720.1
50,20,Asia,2020-08-31,182720.25,22866.65,49293.27,23486.25,70238.23
50,19,Asia,2020-09-30,309000.58,21421.6,83799.81,37000.97,116436.92
50,19,Asia,2020-10-31,256712.86,218.36,68522.47,49021.95,84603.03
50,20,Asia,2020-11-30,403580.2,9269.57,105789.22,52198.09,112502.69
50,22,Asia,2020-12-31,449501.0,358.86,103665.92,62467.56,155152.65
50,19,Asia,2021-01-31,151299.63,13793.87,31893.11,25801.44,52464.52
50,22,Asia,2021-02-28,206545.91,12561.78,61572.46,37022.47,66765.16
50,22,Asia,2021-03-31,250982.07,19220.12,77875.16,24146.89,87366.5
50,23,Asia,2021-04-30,220254.07,22314.43,46412.62,25048.37,72873.08
50,23,Asia,2021-05-31,188314.76,22321.72,48002.81,28006.64,64279.51
50,20,Asia,2021-06-30,281296.71,20974.44,66983.16,28292.04,99175.2
50,23,Asia,2021-07-31,269589.59,12169.43,71552.54,34836.9,85041.81
50,22,Asia,2021-08-31,236238.9,27016.22,69414.17,31449.67,71477.8
50,23,Asia,2021-09-30,400999.06,27448.84,91655.16,50721.86,152558.67
50,22,Asia,2021-10-31,280720.98,24663.49,64655.44,47649.44,107590.66
50,21,Asia,2021-11-30,411738.16,11191.88,79757.27,68470.48,154543.52
50,22,Asia,2021-12-31,415116.63,10368.8,98942.01,75939.5,148518.62
50,23,Asia,2022-01-31,114422.74,23112.42,28856.12,15998.6,37836.25
50,22,Asia,2022-02-28,187579.19,17523.17,50043.33,27904.31,75019.1
50,23,Asia,2022-03-31,285769.43,20679.15,63293.71,39651.88,121485.36
50,22,Asia,2022-04-30,204197.02,26796.06,50809.05,30108.34,62780.36
50,23,Asia,2022-05-31,238788.76,17787.69,64891.17,40943.19,77597.17
50,19,Asia,2022-06-30,319507.54,11750.79,69854.54,50468.67,109332.18
50,23,Asia,2022-07-31,260212.61,21532.1,55418.8,45406.89,88763.23
50,21,Asia,2022-08-31,249405.77,6852.92,66584.84,33714.74,87786.99
50,19,Asia,2022-09-30,315459.96,13840.43,95938.27,35173.92,101717.37
50,22,Asia,2022-10-31,303370.08,12322.0,71216.28,43441.32,106333.19
50,22,Asia,2022-11-30,338057.33,4446.97,83463.26,35535.36,107272.1
50,21,Asia,2022-12-31,572330.26,25595.49,133172.85,98387.95,200634.48
